2520 4566
686 283 728 348 ³2

229 490 465 560 assecurationis
487 491 582 575 obiit,
607 516 798 577 essecutus,
829 497 897 584 qui,
925 515 960 563 ut
984 500 1050 586 jam
1083 504 1192 569 obser·

226 631 334 680 satum
356 611 430 694 fuit,
454 633 534 676 unus
557 614 623 697 ejus
648 635 753 678 casum
782 617 986 700 memoravit,
1014 621 1187 687 rectissime

226 748 299 801 tom.
319 756 348 798 1.
365 755 402 820 p.
421 729 494 809 304.
516 751 587 794 eam
608 731 784 797 nominavit
801 756 903 798 oerum
924 747 1188 805 assecurationem

224 860 259 916 irs
282 850 396 940 ferrmo
427 855 618 935 sponsionis,
650 847 732 936 (eine
758 852 942 940 cigentliclte
969 856 1190 947 versicherung

224 979 258 1034 in
287 968 346 1033 der
372 968 468 1032 Form
494 973 582 1030 einer
610 967 739 1056 Wette).
784 969 900 1034 Contra
925 987 1030 1037 autem
1054 974 1184 1063 sponsio

224 1089 259 1154 in
284 1089 345 1193 hae
373 1083 504 1149 materia
527 1081 590 1147 dici
615 1100 720 1173 posset
743 1109 816 1151 vera
841 1096 967 1176 sponsio
990 1097 1024 1153 irs
1051 1100 1186 1180 speciem

224 1209 476 1270 assecurationis.

268 1322 358 1404 Quae
383 1321 478 1409 igitur
507 1319 541 1384 in
570 1319 727 1404 clausula,
751 1319 792 1388 de
815 1346 875 1412 qua
900 1325 1052 1414 superiori
1081 1327 1186 1416 capite

220 1441 272 1532 egi
307 1452 477 1504 occurrunt
496 1437 649 1521 cautelae,
665 1439 714 1504 vel
729 1441 999 1525 renunciationes,
1015 1459 1100 1509 certe
1118 1467 1184 1510 non

221 1582 261 1625 ex
280 1569 366 1623 metu
384 1554 589 1643 sponsionum
609 1556 831 1644 prohibitionis
848 1573 937 1624 ortae
952 1576 1034 1627 sunt.
1067 1560 1186 1628 Forma

220 1692 340 1758 autem,
353 1695 415 1761 quo
428 1672 612 1761 sponsiones
627 1673 778 1739 celebrari
798 1694 1042 1762 consuevemnt,
1058 1702 1097 1744 ex
1109 1703 1184 1770 pro·

219 1792 325 1884 posito
348 1789 389 1855 ad
417 1812 524 1855 veram
553 1789 655 1855 selvae
689 1792 894 1881 navigationis
920 1797 1182 1864 assecurationem

219 1908 369 1976 translata
400 1905 543 1989 ridetur,
577 1908 727 1994 quoniam
756 1911 846 1996 hujus
877 1933 991 2000 scopus
1025 1930 1090 1997 est,
1123 1931 1181 1999 ut,
1230 1918 1233 1924 ’

209 2025 368 2092 omnibus
387 2023 454 2086 aliis
468 2023 747 2111 disceptationibus
766 2028 906 2112 reiectis,
930 2027 965 2092 id
980 2053 1077 2096 unum
1089 2053 1181 2120 quae·

217 2161 325 2227 ratur,
349 2151 398 2207 an'
413 2161 501 2205 casus
527 2138 621 2222 adsit,
643 2164 706 2229 quo
736 2144 893 2234 navigatio
917 2145 956 2210 ad
984 2147 1103 2212 salvum
1125 2146 1180 2212 ad-

215 2277 346 2329 ventum
364 2257 495 2348 perduci
519 2256 725 2346 impediatur,
747 2275 840 2347 atque
864 2277 917 2346 ut,
941 2263 968 2327 si
989 2263 1086 2348 adsit,
1110 2281 1179 2332 tota

216 2400 338 2446 somma
359 2363 509 2442 solvatur.
554 2375 596 2438 Et
615 2375 669 2440 hic
691 2398 804 2465 scopus
827 2378 871 2443 ita
893 2396 980 2446 certe
1002 2383 1178 2472 sponsionis

217 2495 363 2562 clausulis
384 2493 523 2559 obtineri
542 2508 683 2581 poterat,
704 2509 740 2558 ut
761 2494 840 2559 nihil
862 2498 972 2586 magis.

262 2611 326 2679 Sed
355 2610 416 2675 alia
447 2611 558 2692 edam,
587 2632 666 2697 quse
690 2611 892 2677 substantiam
916 2631 1096 2681 contractus
1112 2641 1177 2684 res·

217 2730 311 2821 picit,
334 2727 488 2793 dubitatio
512 2727 616 2817 urgeri
639 2743 758 2816 potest,
785 2753 824 2793 an
847 2752 961 2820 nempe
987 2732 1032 2796 illi
1062 2758 1176 2802 conve·

216 2850 302 2932 niat,
324 2869 389 2912 non
406 2869 489 2929 rem,
511 2842 568 2909 sed
592 2843 710 2909 factum
733 2845 860 2933 aliquod
882 2847 1046 2915 admittere
1062 2867 1098 2916 ut
1119 2853 1175 2918 ob·

214 2972 349 3057 jectum,
378 2967 464 3051 cujus
493 2962 632 3051 pericula
662 2985 768 3028 casum
793 2963 914 3031 validae
939 2969 1174 3034 assecurationis

216 3103 270 3153 aut
292 3085 422 3153 existere
444 3096 498 3146 aut
519 3077 654 3144 deficere
676 3078 817 3145 faciant?

259 3206 304 3268 At
331 3200 471 3290 quamvis
499 3197 563 3262 Lex
588 3196 724 3280 Gallica,
745 3213 781 3261 ut
805 3198 909 3286 primo
940 3199 1014 3265 loco
1046 3199 1172 3286 deca,

216 3345 277 3411 qua
295 3337 359 3385 tsm
378 3316 432 3381 diu
447 3316 494 3381 usi
511 3338 632 3398 sumus,
655 3313 773 3398 dicam,
792 3317 896 3404 primo
915 3317 1039 3382 obtuitu
1058 3318 1174 3386 solum·

214 3438 313 3504 modo
348 3459 398 3501 res
433 3433 614 3523 corporales
640 3433 788 3522 periculis
822 3435 915 3499 maris
950 3437 1105 3522 expositas
1135 3453 1171 3502 ut

215 3552 452 3622 assecurationis
483 3551 610 3637 objecta
641 3573 810 3640 agnoscere
843 3551 1005 3635 videatur,
1039 3554 1172 3620 interior

212 3690 320 3738 tamen
339 3668 512 3758 disquisitio
529 3670 720 3733 contrarium
739 3670 865 3735 evincit.
911 3671 982 3758 lpse
1002 3671 1086 3735 enim
1109 3672 1172 3736 Co·

212 3790 273 3857 dex
294 3788 447 3870 Gallicus,
469 3786 610 3875 quamvb
625 3788 884 3853 assecurationem
904 3787 987 3852 nauli
1008 3787 1110 3853 futuri·
1124 3805 1171 3855 at·

213 3930 274 3994 que
294 3904 373 3970 lucri
395 3903 508 3992 sperati
534 3902 721 3991 prohibens,
743 3903 860 3992 quippe
880 3884 1000 3968 timens
1016 3928 1171 3972 assecura-
