2520 4566
658 263 700 326 40

194 470 430 537 assecurationis
445 484 574 536 naturae
589 469 786 553 adversetur,
812 490 877 534 non
894 467 1056 535 crederem
1072 489 1159 533 conr·

194 587 282 654 modi
314 588 566 671 distinctionem,
591 609 670 675 quae
693 584 879 676 quibusdam
903 602 1010 651 tamen
1037 587 1158 651 casibus

195 719 371 771 assecurato
397 727 509 770 verum
532 704 656 768 lucrum
685 720 824 768 servatae
850 703 948 792 partis
974 701 1158 785 addiceret,

193 834 286 910 posse
306 821 370 908 juri
397 820 644 887 accommodari.
690 821 806 885 Totum
834 821 938 910 potius
963 834 1091 909 pactum
1118 817 1160 884 de

196 961 236 1003 eo
253 936 339 1026 quod
365 955 521 1004 serratum
543 940 603 1004 erit
629 939 669 1005 ab
695 953 871 1004 assecurato
894 936 1049 1003 lucrando
1072 935 1161 1003 desc·

195 1055 329 1121 rendum
355 1057 432 1121 mihi
457 1055 632 1140 rideretur,
658 1072 771 1146 utpote
795 1057 898 1122 minus
922 1053 1121 1121 considerate
1142 1078 1163 1119 a

197 1175 383 1264 sponsione,
406 1197 485 1262 quae
500 1174 617 1239 nudam
636 1175 773 1264 partium
793 1174 989 1240 voluntatem
1009 1194 1069 1263 pro
1090 1196 1166 1239 nor·

193 1313 248 1355 ma
263 1291 374 1373 habet,
389 1290 573 1356 translatum
593 1290 634 1355 ad
655 1291 919 1358 assecurationem
938 1308 1026 1356 certa
1048 1307 1164 1357 natura

195 1405 396 1497 gaudentem.
441 1409 580 1474 Remoto
597 1409 732 1497 namque
748 1424 818 1475 toto
833 1410 898 1474 hoc
920 1425 1036 1498 pacto,
1053 1409 1164 1473 omnia

196 1542 385 1609 remanent,
403 1565 405 1570 ·
420 1549 499 1614 quae
530 1526 570 1592 ad
605 1543 731 1593 nostrae
764 1528 1000 1593 assecurationis
1027 1547 1163 1616 scopum
1211 1588 1215 1592 ,

196 1642 410 1733 attingendum
431 1645 642 1732 requiruntur.
691 1645 748 1711 Ille
770 1646 853 1711 enim
871 1660 956 1710 certe
973 1659 1036 1728 est,
1061 1660 1096 1708 ut
1112 1667 1162 1711 as·

195 1777 356 1826 securator
369 1784 434 1825 non
448 1777 592 1826 teneatur
605 1760 647 1828 de
662 1763 786 1846 avariis,
809 1778 842 1829 et
858 1778 1064 1845 assecuratus,
1086 1784 1161 1826 casu

200 1879 369 1961 existente,
394 1863 594 1966 probationis
614 1879 796 1970 ambagibus
813 1880 942 1945 retineri
964 1902 1029 1943 non
1045 1880 1163 1969 possit,

197 2011 230 2062 et
245 1993 349 2083 quoad
366 2010 469 2060 totum
486 2012 661 2085 spectatum
678 1995 881 2063 commodum
897 1995 1054 2062 indemnis
1073 2019 1164 2086 prae·

196 2130 304 2180 stetur.
350 2110 401 2176 Ad
423 2111 458 2176 id
477 2129 580 2178 autem
597 2113 755 2179 sufficiunt
771 2131 881 2202 pacta,
904 2115 1016 2203 quibus
1038 2115 1162 2182 avariae

195 2230 418 2313 excluduntur,
444 2229 576 2319 periculi
601 2245 712 2295 natura
735 2224 938 2315 describitur,
961 2246 993 2296 et
1017 2231 1163 2297 ulteriori

193 2348 376 2439 probationi
399 2347 560 2414 commodi
581 2348 799 2436 renunciatur,
823 2365 918 2436 atque
934 2351 975 2428 si,
999 2349 1087 2414 hisce
1105 2349 1164 2414 sal·

193 2466 257 2548 vis,
271 2465 459 2530 assecuratio
474 2464 513 2528 ad
522 2467 637 2549 justam
654 2462 761 2529 damni
779 2466 1016 2530 resarcitionem
1031 2465 1160 2552 tendat,

196 2582 337 2664 servatd,
376 2581 429 2645 ubi
465 2581 561 2665 adsit,
593 2581 746 2665 deductd,
767 2582 845 2647 nihil
867 2583 965 2673 magis
990 2581 1161 2650 desiderari

195 2720 289 2789 posse
310 2697 443 2764 videtur.

200 2872 203 2876 .
239 2817 289 2882 De
306 2838 346 2882 eo
366 2831 471 2881 autem
493 2817 613 2882 nullum
638 2832 743 2907 potest
766 2841 832 2883 esse
854 2817 1003 2913 dubium,
1025 2819 1099 2908 quin
1121 2821 1160 2887 li·

199 2951 269 3002 ceat
292 2936 511 3000 assecuratoris
534 2935 761 3026 obligationem
779 2935 819 3001 ad
834 2960 941 3002 casum
959 2939 1055 3002 totius
1071 2939 1161 3007 dam·

197 3053 231 3117 ni
256 3052 408 3135 limitare,
434 3067 526 3140 atque
549 3052 705 3141 pericula,
728 3054 840 3141 quibus
863 3056 950 3120 navis
973 3055 1164 3145 impediatur

198 3169 386 3236 destinatum
419 3185 547 3258 portum
571 3171 742 3260 attingere,
776 3170 810 3235 in
840 3171 1057 3237 conditionem
1084 3197 1162 3239 con·

197 3288 316 3352 tracttis
346 3286 521 3353 admittere.
568 3285 649 3352 Sunt
680 3288 764 3353 enim
793 3289 852 3353 hae
879 3289 1041 3378 pactiones
1069 3291 1162 3358 unice

199 3419 400 3492 comparatae
416 3403 456 3468 ad
471 3402 698 3487 definiendum,
714 3403 806 3494 quale
821 3406 861 3470 sit
876 3406 1045 3492 damnum,
1067 3424 1161 3498 atque

200 3519 292 3609 quale
325 3522 522 3610 periculum,
556 3544 635 3609 quae
662 3538 856 3588 assecurator
885 3525 1025 3614 suscipit.
1071 3524 1161 3591 Idem

198 3637 293 3703 etiam
317 3653 363 3702 est
384 3637 552 3704 dicendum
577 3637 618 3704 de
641 3661 701 3723 eo,
726 3638 812 3728 quod
836 3657 1035 3708 contractum
1059 3644 1100 3707 sit
1122 3640 1162 3708 de

199 3777 289 3838 casu,
320 3778 382 3843 quo
410 3756 567 3847 navigatio
593 3756 678 3824 salva
703 3781 769 3823 non
798 3759 917 3842 existit,
947 3761 1099 3849 quoniam
1126 3783 1165 3827 eu

199 3870 277 3935 vitio
300 3871 359 3965 ipsi
379 3873 450 3938 navi
469 3875 601 3963 proprio
620 3873 799 3965 impeditur.
844 3878 927 3943 Nam
950 3879 976 3944 si
999 3878 1054 3947 ille
1078 3880 1165 3946 clau-
