2520 4566
569 255 607 320 41

110 466 196 532 sulae
224 457 332 530 sensus
359 452 566 546 attribuatui,
590 479 625 528 ut
653 463 735 529 illius
761 466 893 553 periculi
919 490 1074 535 assecura-

109 585 157 649 tio
186 597 343 648 conventa
366 580 576 672 intelligatur,
600 584 666 669 jam
690 581 855 670 superiori
871 585 974 672 capite
997 592 1015 669 s
1038 590 1072 667 4.

108 700 260 784 vidimus,
287 700 350 764 hoc
380 699 489 767 licere.
536 700 592 764 Sin
620 716 741 779 autem,
768 699 814 763 uti
842 700 877 764 in
906 723 987 766 nova
1012 702 1075 767 for·

74 845 76 850 ⁸
110 817 196 883 mula
206 816 577 901 Amstelodamensi,hoe
592 817 785 906 periculum,
801 815 980 906 invocando
987 821 1073 887 Am.

113 939 194 1023 249,
219 936 296 1016 640.
324 949 357 1001 et
381 934 458 1014 641.
486 935 521 1001 C.
536 935 584 1001 M.
598 935 643 1002 N.
657 932 889 1019 ‚*excludatur,
910 935 988 1000 nihil
1008 951 1074 1020 est,

111 1051 197 1142 quod
219 1052 335 1119 obstet.
357 1069 362 1075 “

152 1170 261 1235 Restat
285 1169 381 1259 igitur
400 1144 465 1234 boc
485 1191 602 1252 unum,
626 1184 661 1233 ut
684 1167 789 1235 dicam
812 1168 852 1235 de
876 1185 986 1259 pacto,
1009 1192 1074 1259 quo

111 1287 299 1354 assecuratio
316 1301 424 1351 nostra
442 1287 572 1351 honoris
592 1285 668 1352 fidei
689 1285 870 1371 mandatur,
891 1303 929 1352 ut
945 1289 974 1353 ei
989 1302 1074 1354 stan·

109 1404 186 1471 dum
213 1407 269 1489 sit,
299 1405 422 1470 tametsi
447 1405 531 1495 Lege
558 1403 693 1471 adeam
720 1429 786 1471 non
813 1403 905 1471 detur
928 1407 1073 1493 libertas,

110 1522 234 1606 vel,·ut
253 1543 335 1608 nora
355 1521 653 1588 Amstelodameusis
674 1522 810 1588 formula
829 1524 943 1607 habet,
960 1548 1074 1591 renun-

60 1623 62 1627 Ι
110 1640 212 1704 ciatur
223 1640 356 1728 Legibus
375 1639 540 1704 contrariis
556 1654 610 1703 aut
624 1662 693 1703 eam
706 1639 962 1727 prohibentibus,
981 1658 1074 1731 atque

106 1755 183 1821 ideo
213 1756 283 1821 lites
314 1756 544 1842 relinquuntur
567 1755 696 1818 arbitrio
724 1753 884 1819 bonorum
915 1756 1073 1843 virorum,

109 1895 245 1962 quorum
267 1871 389 1960 judicio
414 1888 449 1936 ut
474 1894 621 1960 supremo
642 1868 789 1936 standum
809 1871 860 1939 sit.

108 2037 110 2040 -
151 1991 194 2054 Et
224 1975 310 2056 certe
343 1989 421 2054 nihil
456 1991 491 2055 in
514 1988 588 2054 lure
608 1988 758 2079 impedit,
783 2012 848 2078 quo
869 1990 971 2057 minus
996 1989 1074 2058 fides

68 2181 70 2184 Α
106 2107 243 2199 partium
266 2108 432 2173 invocetur
454 2104 496 2171 ad
522 2122 617 2195 pacta
640 2123 796 2172 conventa
819 2107 987 2189 servanda,
1011 2123 1073 2175 est·

107 2248 168 2319 que
198 2225 366 2311 unicuique
390 2224 543 2307 liberunt,
572 2224 661 2308 lites,
685 2248 761 2313 quas
787 2240 965 2315 exspectat,
987 2248 1074 2290 man·
1104 2221 1108 2228 “

107 2343 183 2409 dare
203 2343 323 2431 judicio
343 2342 551 2424 arbitrorum,
573 2356 608 2405 ut
625 2343 784 2406 bonorum
798 2343 953 2426 virorum,
979 2359 1072 2432 atque

108 2461 269 2551 praeclusa
296 2460 508 2550 appellatione
528 2457 585 2547 (ι).
628 2459 739 2548 Neque
762 2460 880 2548 aliquid
904 2462 1007 2528 illiciti
1026 2463 1073 2529 in·

108 2601 174 2643 esse
199 2577 323 2643 videtur
349 2578 378 2642 ei
408 2576 485 2665 ipsi,
518 2573 559 2639 ad
593 2575 679 2663 quod
706 2579 890 2667 antiquioris
916 2579 1072 2647 formulae

106 2696 202 2760 verba
235 2694 379 2759 restricta
409 2708 497 2775 sunt,
528 2707 564 2756 ut
598 2693 689 2769 haec,
709 2697 897 2762 assecuratio
920 2697 1072 2763 effectum

107 2812 272 2895 sortiatur,
297 2811 436 2900 quamvis
457 2811 575 2901 Legum
597 2809 717 2876 Codice
740 2809 780 2874 ad
804 2835 875 2877 eam
896 2837 962 2878 non
981 2814 1074 2880 detur

106 2929 244 2995 libertas.
289 2928 371 2993 Illud
406 2929 490 2993 enim
525 2927 598 2993 satis
628 2950 782 3018 superque
807 2930 923 3018 patuit,
954 2931 1073 3020 Legum

60 3077 62 3083 ·
94 3045 260 3113 'Codicent
282 3070 348 3113 non
374 3048 481 3113 omnia
502 3048 643 3134 objecta,
660 3071 762 3136 neque
779 3049 886 3113 omnia
901 3047 1073 3114 commoda

104 3181 160 3230 aut
183 3166 323 3255 pericula
348 3163 461 3231 diserte
489 3166 675 3248 nominare,
707 3165 747 3230 de
775 3166 887 3253 quibus
914 3188 1071 3232 assecura-

105 3283 154 3348 tio
175 3283 274 3372 possit
294 3285 455 3366 contrabi,
481 3281 522 3347 ad
544 3305 637 3372 quam
662 3280 742 3348 adeo
764 3281 819 3347 ille
842 3281 951 3348 Codex
967 3283 1071 3372 palam

106 3397 162 3465 det
185 3399 376 3469 libertatem.
422 3402 455 3465 Si
477 3416 582 3467 autent
604 3424 691 3467 mens
714 3401 897 3489 antiquioris
916 3401 1072 3468 formulae
1128 3452 1133 3463 .

106 3512 141 3583 se
166 3518 314 3584 extendat
338 3519 377 3584 ad
408 3543 461 3603 ea,
493 3543 574 3608 quae
600 3519 822 3584 assecurationi
850 3519 986 3584 inessent
1013 3520 1071 3585 Le-

141 3817 183 3887 (1)
203 3817 254 3870 Off.
279 3817 353 3868 Arst.
367 3816 437 3882 620,
461 3816 530 3879 636,
548 3815 607 3866 oto.
633 3815 661 3866 G.
677 3815 713 3866 N.
735 3815 765 3865 dc
787 3815 860 3866 modo
878 3814 1032 3883 procedendi
1048 3814 1076 3868 in

203 3900 338 3952 Civilibus.
789 3929 791 3935 .
