2520 4566
601 283 643 346 20

151 490 202 558 sle
212 490 298 557 droit
314 488 355 556 de
370 486 542 555 demander
556 489 588 555 le
606 490 761 554 ristourne
777 491 955 579 appartient
974 487 1117 556 il'assu·

152 634 246 676 »reur
265 625 297 675 et
318 607 492 674 tt'assure':
512 608 603 672 ——le
621 606 707 672 droit
724 606 764 673 de
781 607 954 695 l’invoquer
969 624 1017 673 est
1036 610 1116 674 reci·

150 726 324 819 ‚proque'’
351 725 407 792 ,si
438 741 542 790 autem
569 741 764 791 assecurator
789 727 820 791 ei
841 726 1005 791 renunciet
1025 727 1116 812 juri,

150 845 313 911 manifeste
333 841 408 908 iude
427 844 583 930 sequitur,
607 865 679 907 eum
701 844 796 907 etiam
819 844 1007 908 renunciare
1030 843 1115 926 luri,

153 961 240 1051 quod
257 961 396 1048 alioquin
415 961 564 1025 existente
579 959 696 1024 damno
711 960 855 1043 baberet,
877 958 1021 1050 exigendi
1037 960 1119 1025 rdte·

151 1081 270 1145 riorem
295 1078 518 1167 probationem
546 1077 662 1142 valoris
687 1077 834 1166 periculis
856 1078 1002 1167 expositi.
1057 1078 1118 1144 Illa

153 1198 238 1263 enim
254 1194 295 1260 ad
307 1195 426 1273 nullum
439 1193 555 1259 ducere
575 1209 681 1284 posset
696 1193 864 1277 effectum,
884 1217 980 1281 quum
997 1217 1121 1260 assecu-

153 1313 284 1380 rationis
301 1309 500 1378 reducendae
511 1312 575 1397 juri
591 1310 779 1377 valedictum
797 1311 849 1379 sit.
893 1311 978 1375 Hinc
994 1334 1119 1377 amecu-

152 1446 238 1496 ratus
259 1431 319 1495 hac
344 1429 581 1494 renunciatione
606 1453 625 1494 a
650 1444 741 1518 parte
769 1428 989 1519 assecuraton's
1015 1429 1120 1514 iacta,

153 1546 295 1635 adeoque
310 1547 370 1612 hac
386 1547 454 1636 ipsa
471 1545 624 1611 clausula:
649 1545 708 1609 »ab
724 1558 955 1635 utraquepartc
967 1554 1038 1611 atne
1052 1569 1123 1611 res·

154 1663 297 1748 »wmo,”
314 1664 401 1729 omui
419 1663 558 1729 ulteriori
573 1664 763 1752 probatione
776 1662 939 1728 commodi
948 1664 1117 1745 liberatur,

150 1804 333 1870 summaque
346 1796 520 1846 assecurata
531 1779 749 1846 reductionem
762 1804 827 1845 non
841 1782 968 1870 patitur.

196 1900 258 1963 Hic
270 1915 375 1964 autem
390 1897 564 1963 notandum
580 1913 642 1981 est,
657 1920 771 1962 novam
782 1898 951 1963 formulam
961 1899 1120 1964 Amstelo·

151 2002 333 2082 damensem
351 2017 434 2082 hanc
449 2014 618 2080 clausulam
638 2015 698 2078 »ab
714 2029 948 2106 utraquepurte
967 2023 1038 2081 sine
1056 2039 1120 2082 res-

151 2132 257 2199 tomo'’
281 2155 348 2198 non
369 2133 550 2214 continere,
580 2155 682 2220 neque
704 2132 771 2198 aliis
800 2132 986 2221 quibusdam
1011 2133 1117 2199 verbis

149 2252 286 2342 primam
308 2250 396 2314 illam
416 2249 686 2315 renunciationem
707 2273 725 2314 a
747 2266 838 2338 parte
860 2251 1027 2315 assecurati
1044 2249 1117 2316 red·

151 2368 240 2435 dere.
285 2367 384 2455 Hujus
400 2370 450 2453 jus
467 2365 509 2431 ad
524 2365 732 2456 repetendum
749 2367 939 2455 praemium,
964 2383 1121 2455 quatenus

151 2500 327 2575 spectatum
337 2484 510 2573 periculum
523 2508 588 2549 non
600 2485 640 2549 sit
652 2486 783 2568 initum,
802 2485 847 2549 ita
857 2484 977 2550 salvum
989 2509 1122 2553 manere

152 2598 295 2683 videtur,
319 2616 351 2666 et
366 2601 514 2666 notabilis
524 2602 568 2666 ita
579 2601 662 2666 inter
672 2625 789 2667 novam
802 2617 895 2689 atque
907 2604 1120 2692 antiquiorem

153 2718 322 2784 formulam
338 2716 517 2813 differentia
530 2719 680 2784 occurrit.

198 2834 294 2916 Quod
319 2858 395 2901 vero
419 2834 529 2922 adjus
553 2837 786 2920 assecuratoris,
809 2836 849 2903 de
869 2861 934 2926 quo
954 2837 1120 2924 dicebam,

157 2953 303 3043 explicite
310 2976 401 3018 nunc
412 2951 489 3017 illud
501 2955 545 3018 ita
554 2952 795 3038 determinatur,
806 2955 883 3019 utin
895 2955 1120 3044 probationem

157 3069 338 3153 commodi,
362 3093 418 3135 seu
430 3048 565 3153 valoris,
580 3086 633 3135 aut
649 3072 870 3161 proprietatis,
893 3073 952 3162 ipsi
974 3073 1123 3140 sufficere

156 3184 270 3253 debeat
291 3188 358 3276 ipsa
376 3187 521 3270 Polizza,
546 3203 578 3252 et
596 3186 649 3271 id,
674 3187 761 3276 quod
778 3189 860 3253 ultra
870 3190 956 3254 bona
970 3190 1034 3257 fide
1049 3214 1123 3281 pro-

156 3301 230 3369 duci
258 3319 373 3392 potest.
427 3304 532 3386 Quum
557 3306 602 3370 ita
627 3306 722 3370 etiam
749 3306 890 3371 ulteriori
917 3308 1120 3396 probationi,

156 3419 217 3485 nisi
228 3442 307 3507 quae
319 3421 424 3486 bonae
437 3420 511 3485 fidei
527 3423 692 3486 assecmati
705 3422 815 3487 relicta
829 3422 885 3506 sit,
898 3425 1120 3508 renuncietur,

157 3553 250 3625 atque
262 3536 377 3603 deinde
388 3538 481 3602 etiam
494 3538 579 3624 quod
590 3555 747 3604 servatum
755 3540 795 3604 sit
804 3541 987 3628 regulariter
995 3563 1122 3606 assecu-

157 3653 1123 3745 ratoipsireliuquatur,noraformulanonitamultum,quoad

41 3784 46 3793 ’
155 3772 237 3837 hunc
248 3771 376 3836 alteram
390 3786 528 3860 partem,
542 3772 582 3836 ab
596 3772 779 3860 antiquioris
790 3796 880 3839 sensu
893 3773 1023 3840 differre
1034 3773 1123 3840 vide·

152 3904 213 3954 tur.
242 3889 291 3954 De
304 3911 343 3954 eo
357 3903 461 3953 autem
471 3889 582 3976 Capite
594 3889 704 3954 Tertio
718 3889 847 3956 ulterius
856 3889 1028 3958 dicendum
1041 3893 1116 3958 erit.
