2520 4566
609 271 649 336 45

148 499 230 566 quae
250 477 298 566 ad¹
316 500 374 543 nos
399 480 519 545 transiit
545 478 627 569 (1)),
650 480 749 545 »mais
774 476 850 559 dans
877 502 913 544 ce
943 503 995 545 eas
1015 482 1112 548 sotle-

147 611 277 678 umens,
311 596 469 686 temperer
501 597 532 662 la
565 596 698 662 severit&
732 596 773 662 de
808 597 839 661 la
872 597 953 681 Loi,
984 597 1113 664 ecouter

146 713 296 803 -l’tquite'
309 716 478 800 naturelle,
497 739 558 804 que
574 716 723 781 l'orateur
737 715 873 780 Romain
887 715 1009 805 appelle
1023 717 1112 782 laxa·

148 838 306 897 »mentem
337 834 448 922 Legis,
481 849 513 898 et
545 856 745 923 prononcer,
782 855 907 898 comme
939 857 958 897 a
991 832 1038 897 dit
1068 857 1111 898 un

146 951 282 1015 »ancien
297 950 504 1040 philosophe,
528 974 591 1015 non
607 964 703 1039 prout
717 952 802 1031 Lex,
827 951 990 1039 sedpr'out
1002 950 1110 1015 humo·

145 1075 253 1132 »iiiios
276 1082 334 1133 aut
353 1069 569 1134 misericordia
594 1069 725 1158 impellit
742 1068 883 1158 regere.''
927 1071 1050 1158 Atque,
1075 1083 1111 1133 ut

144 1185 212 1274 ipse
235 1208 333 1275 porro
361 1185 498 1270 indicat,
528 1209 594 1251 non
621 1187 756 1251 multum
786 1186 965 1252 detrimenti
992 1209 1031 1252 ex
1055 1187 1109 1251 ab·

144 1324 203 1368 usu
231 1317 297 1368 tam
324 1326 455 1392 magnae
487 1302 649 1392 potestatis
683 1319 730 1368 est
763 1304 957 1387 verendum,
995 1305 1111 1393 quippe

145 1420 348 1487 Arbitrorum
365 1419 485 1506 judioia
504 1444 606 1509 neque
627 1421 723 1486 tertio
748 1419 873 1486 cuidam
899 1422 1019 1512 opponi
1036 1445 1108 1511 pos·

144 1554 234 1621 sent,
264 1559 367 1625 neque
397 1537 475 1624 juris
510 1539 696 1603 auctoritate
729 1537 912 1628 gauderent.
965 1538 1108 1604 Alterum

143 1657 232 1721 Art0.
261 1676 355 1720 1022.
376 1653 411 1720 C.
432 1655 472 1717 de
488 1656 581 1720 Proc.
607 1655 670 1720 Civ.
695 1653 954 1737 confirmabatur,
977 1654 1109 1722 altenun

144 1793 186 1837 eo
206 1770 339 1836 indicari
358 1770 480 1836 videtur
500 1768 586 1859 quod
603 1771 671 1859 ipsa
693 1770 885 1834 arbitrorum
904 1768 1024 1855 judicia
1041 1796 1108 1838 non

141 1904 292 1980 poterant
319 1890 491 1954 Cassationi
513 1888 642 1974 subjici,
671 1889 744 1953 Art.
777 1886 871 1953 1028.
897 1893 930 1950 in
944 1886 979 1976 f.
1007 1885 1105 1970 titi„

142 2029 247 2094 neque
267 2005 352 2072 adeo*
367 2005 475 2096 rigidis
497 2006 614 2096 Legum
628 2005 718 2091 jussis
743 2003 867 2090 subjici.
912 2004 954 2068 Et
975 2004 1039 2068 hoc
1064 2005 1109 2093 ip·

144 2148 215 2190 sum
240 2124 335 2190 etiam
359 2125 392 2188 in
416 2147 533 2188 novum
557 2138 699 2199 nostrum
723 2119 877 2186 Codicem
902 2121 1038 2204 transiit,
1063 2122 1109 2187 ita

143 2243 179 2307 ut¹
200 2265 302 2329 neque
320 2243 456 2330 partium
476 2239 639 2305 voluntate
659 2240 774 2305 mutari
792 2240 907 2330 possit,
928 2242 1000 2305 Art.
1014 2239 1106 2319 640..

145 2356 272 2446 Adjecit
288 2359 396 2449 Ampl.
416 2362 593 2423 naamani
609 2373 641 2422 et
656 2355 743 2422 aliud
766 2372 998 2446 argumentum,
1023 2355 1110 2444 quod

145 2491 251 2541 tamen
272 2498 339 2540 non
373 2476 433 2541 alia
459 2499 553 2565 quam
577 2476 716 2541 oratoria
738 2475 772 2541 vi
798 2472 934 2566 gaudere
961 2473 1104 2558 videtur,

144 2592 388 2685 exspectandum
409 2594 530 2660 scilieet
556 2616 639 2677 esse,
661 2609 697 2658 ut
723 2594 846 2659 Arbitri
870 2594 1006 2660 sentiant
1033 2617 1107 2660 cum

144 2733 260 2801 magno
273 2711 515 2795 n’aounssavro,
536 2711 746 2798 »aequitatem
760 2734 931 2799 numquam
951 2711 1026 2802 Legi
1047 2711 1108 2801 ipsi

143 2831 355 2895 »contrariam
373 2853 439 2895 esse
458 2852 569 2918 posse,
594 2844 687 2917 atque
707 2803 877 2894 consistere
897 2829 932 2892 in
951 2831 1016 2914 ejus
1030 2843 1106 2893 voto

144 2946 392 3036 »exsequendo.''
401 2950 562 3014 Bonorum
575 2948 659 3013 enim
668 2947 817 3028 virorum,
829 2945 976 3033 aequitati
985 2945 1108 3011 studen-
1139 2938 1145 2949 ¹

142 3067 222 3130 tium
231 3065 388 3149 officium,
399 3065 515 3154 abipsa
527 3065 610 3154 Lege
622 3064 800 3154 regularum
807 3064 885 3150 juris
894 3058 1107 3128 observationi

143 3183 332 3271 opponitur,
353 3197 446 3269 atque
462 3182 528 3246 sine
545 3204 652 3246 earum
670 3182 711 3246 ab
730 3174 886 3268 aequitate
900 3179 1108 3269 discrepantia
1123 3207 1126 3211 ’

142 3299 245 3366 nullus
260 3314 346 3363 certe
359 3300 519 3364 bonorum
534 3299 675 3365 virorum
689 3299 845 3364 mentioni
860 3298 951 3363 locus
972 3298 1090 3364 fuisset.
1119 3291 1121 3299 ’

186 3416 235 3482 Ex
251 3415 337 3481 hisce
358 3431 480 3499 autem,
504 3438 584 3504 quae
601 3416 748 3504 exposui,
772 3415 858 3504 sequi
874 3414 1014 3498 videtur,
1032 3436 1107 3503 pro·

173 3658 216 3729 (1)
234 3657 329 3726 Motrfa
342 3663 367 3709 et
380 3657 515 3724 Rapports
532 3656 568 3708 du
585 3656 650 3707 Cede
665 3655 696 3706 de
709 3653 817 3706 Proeti.
837 3654 893 3706 Cio.
905 3672 933 3722 p.
948 3653 1009 3706 366.
1025 3653 1109 3724 (Paris

235 3742 327 3810 1806).
347 3740 414 3791 Eum
429 3740 555 3808 excerpsit
570 3745 650 3790 oraui
665 3739 691 3790 d.
706 3739 724 3789 ἱ.
736 3739 851 3807 latii„
865 3736 1110 3806 qui'addttp.tts.:

234 3823 292 3874 »llo
302 3832 415 3893 peutent
428 3821 494 3874 dono
509 3838 543 3872 en
556 3838 585 3876 ee
600 3838 658 3888 oar,
673 3821 778 3873 desider
792 3837 894 3874 commo
908 3820 941 3872 ils
954 3820 979 3872 le
990 3831 1109 3873 trouvent

234 3925 249 3957 ι
254 3908 340 3974 juste,
359 3905 462 3974 d'apris
475 3906 500 3958 la
514 3905 586 3958 seule
603 3905 743 3975 impulsion
757 3905 790 3957 do
804 3904 861 3958 leur
874 3904 1057 3960 eonscienee.”
