2520 4566
615 254 713 320 '42

196 470 287 560 gibus
319 464 491 550 contraria,
523 478 577 529 aut
605 463 646 529 ab
672 464 710 528 iis
738 462 915 554 prohibita,
945 480 1016 550 aut,
1046 467 1092 532 uti
1126 469 1166 534 in

195 610 280 653 nova
311 585 449 651 formula
478 580 782 667 Amstelodamensi,
813 582 892 649 illud
918 606 1063 673 expresse
1088 608 1165 676 pac·

197 721 266 770 tum
297 717 461 794 appareat,
494 700 622 767 summl
645 700 767 766 cautela
794 698 1048 792 distinguendum
1074 702 1166 771 vide·

197 837 260 888 tur.
305 820 340 885 Si
363 819 465 901 enim,
497 840 577 906 quae
603 817 723 908 legibus
747 832 822 884 sunt
844 820 1017 905 contraria,
1039 843 1080 886 ex
1094 821 1166 913 ipsa

197 939 275 1030 legis
291 953 400 1003 mente
419 935 663 1002 conventionem
683 936 834 1002 contrarii
854 935 1043 1021 admittant,
1065 961 1165 1027 quum

195 1057 400 1124 substantiam
422 1055 603 1120 contractus
627 1076 694 1119 nou
722 1052 867 1137 laedant,
898 1054 978 1122 nihil
1009 1051 1167 1143 objicien-

196 1174 273 1240 dum
297 1174 370 1240 erit.
416 1172 451 1237 Si
474 1187 581 1238 autem
602 1194 678 1238 vere
702 1170 791 1237 illam
813 1169 959 1257 laedant,
983 1188 1038 1239 aut
1064 1175 1169 1240 conti·

195 1307 309 1375 noant,
333 1312 413 1379 quae
434 1311 580 1379 expressa
601 1287 685 1380 Lege
706 1288 954 1378 prohibeantur,
977 1304 1112 1356 eruntne
1126 1291 1168 1355 il-

196 1409 246 1475 lae
277 1425 355 1474 tunc
390 1408 504 1473 summi
537 1429 800 1474 amnsasnonnr
834 1406 937 1473 verbis
968 1405 1167 1494 rejicienda?

193 1526 283 1592 Haec
313 1541 419 1591 autem
442 1523 568 1591 dicebat
589 1523 648 1589 Vir
673 1523 892 1614 Amplissimus
916 1523 990 1619 (r):j
1030 1524 1165 1593 »Laudo

194 1660 443 1727 mercatorem,
465 1643 520 1732 qui
539 1641 656 1725 fidem,
680 1642 776 1708 etiam
797 1642 1024 1734 contralegem
1037 1640 1163 1727 datam,

193 1776 335 1846 nervat,
359 1760 416 1828 sed
435 1775 469 1827 et
488 1758 585 1827 laudo
608 1761 704 1827 etiam
722 1759 881 1848 judicem,
906 1761 961 1849 qui
984 1760 1111 1827 fraudes
1131 1774 1166 1828 et

194 1880 372 1969 »nequitias
396 1879 611 1946 Mercatorum
637 1903 703 1945 non
729 1879 835 1964 fovet,
865 1895 899 1945 et
922 1878 1074 1946 rescindit
1093 1903 1168 1971 pac·

194 1999 334 2083 stiones,
363 2020 439 2087 qum
462 1999 529 2064 Lex
554 1996 691 2064 rescindi
713 1998 816 2085 jubet.
862 1995 981 2064 Iudicis
1006 2013 1054 2063 est
1078 1997 1165 2090 leges

195 2116 323 2205 anemii,
345 2136 408 2180 nec
433 2113 592 2204 disputare
612 2137 654 2180 au
680 2115 812 2206 turpiter
832 2114 930 2181 faciat
952 2131 1166 2201 assecurator,

194 2235 270 2323 »qui
290 2232 387 2300 fidem
407 2231 513 2300 datam
531 2233 642 2301 violat.
684 2234 760 2299 Esto
775 2233 909 2324 turpiter
924 2233 1035 2320 faciat,
1055 2233 1168 2302 sedet

195 2351 352 2441 ‚turpiter
376 2351 453 2417 facit
474 2352 529 2439 qui
550 2366 662 2417 contra
683 2351 782 2443 Leges
803 2352 1005 2440 paciscitur.”

240 2469 334 2534 Certe
359 2471 387 2534 si
417 2468 457 2535 de
482 2468 589 2557 judice
617 2485 818 2559 quaereretur
844 2486 898 2535 aut
926 2469 968 2537 de
995 2469 1164 2537 ordinariis

197 2587 355 2671 Arbitris,
387 2610 515 2677 prorsus
537 2587 684 2654 Judicum
710 2589 781 2655 vice
809 2588 1031 2679 fungentibus,
1063 2568 1172 2680 prima

196 2705 307 2770 saltem
336 2728 408 2795 pars
439 2706 530 2794 hujus
564 2707 739 2773 sententiae
773 2706 862 2772 omni
897 2705 996 2773 dubio
1029 2723 1164 2776 careret.

197 2820 335 2888 »ludim
367 2823 453 2890 enim
478 2824 560 2907 esd',
589 2823 638 2914 (ut
663 2825 726 2890 alio
751 2825 827 2890 loco
857 2823 1003 2916 Supremi
1032 2824 1166 2892 Senatus

195 2942 325 3010 Praeses
345 2942 473 3010 dicebat
499 2942 582 3033 (2)),
625 2941 763 3009 »Edicta
789 2942 947 3009 Ordinurn
971 2945 1076 3028 tueri,
1103 2965 1165 3011 nee

194 3060 305 3150 spati,
335 3074 372 3125 ut
396 3083 434 3127 ea
454 3061 667 3144 Mercatores,
699 3076 842 3150 quaestus
870 3061 918 3127 sui
943 3062 1062 3152 gratia,
1094 3062 1164 3128 elu-
1249 3061 1251 3064 ’

192 3176 313 3263 »dant,
349 3160 432 3231 ⁵-—
461 3195 493 3244 et
517 3201 613 3245 nemo
637 3202 704 3245 non
730 3180 894 3270 intelligit,
924 3204 1020 3269 quam
1048 3181 1164 3248 frustra

193 3295 251 3360 »in
284 3295 440 3383 ejusmodi
467 3297 580 3362 caussis
611 3297 869 3388 philosophemur
893 3297 939 3364 de
965 3314 1163 3365 mercaturae

133 3452 137 3462 ·
192 3412 354 3481 »savom.''
413 3413 535 3496 Quodsi
572 3413 612 3481 de
651 3439 692 3482 eo
730 3416 808 3482 olim
838 3416 974 3482 dubitari
1001 3418 1162 3507 potuerit,

193 3530 239 3594 uti
260 3530 393 3596 Senatus
411 3531 556 3623 Supremi
577 3534 748 3617 sententia,
764 3557 858 3622 quam
872 3535 907 3600 in
920 3534 1160 3602 Introductione

200 3721 272 3736 ,1-

225 3829 268 3899 (1)
291 3833 396 3893 Quaen.
414 3831 478 3884 sur.
494 3831 571 3884 arev.
588 3831 649 3884 aas.
665 3833 691 3884 t.
710 3805 734 3884 a
749 3835 777 3884 s.
790 3851 820 3902 p.
836 3834 898 3886 560.

227 3914 269 3983 (2)
292 3917 394 3976 (tuaest.
414 3915 476 3966 Jur.
494 3916 571 3968 Priv.
588 3917 621 3967 L.
640 3918 667 3968 3.
686 3934 707 3966 c.
726 3916 768 3969 ³6.
784 3933 814 3982 p.
831 3917 891 3970 556.
