2520 4566
555 223 755 375 'as'

168 494 414 545 assecuratorum
433 476 596 557 veniente,
620 472 675 539 sed
702 490 878 540 assecurato
903 470 1125 563 relinquendo,

170 595 343 663 secundum
359 595 519 682 antiquam
535 592 704 658 formulam
720 607 787 658 erat
806 608 1015 661 contractum.
1060 593 1130 660 Tali

171 714 304 779 forsitan
324 714 409 778 casui
430 709 599 801 providere
616 710 716 776 voluit
737 733 818 776 nova
830 710 966 776 formula
978 710 1064 776 dicta
1080 733 1130 775 ex-

169 831 331 921 ceptione,
353 853 449 918 quum
475 829 531 894 illa
553 843 649 918 pacto
673 851 740 893 non
761 827 918 895 contineri
942 827 1009 893 aliis
1032 827 1131 919 possit

169 947 286 1031 videri,
312 964 344 1013 et
373 962 478 1012 tamen
507 962 649 1035 apertum
671 947 838 1011 menuati
858 945 981 1012 lucmm
1006 968 1126 1012 assecu-

168 1080 310 1130 ratorum
335 1062 453 1129 damno
483 1065 649 1129 obtentum
674 1064 766 1128 nimis
789 1064 929 1152 iniquum
952 1065 1047 1131 foret.
1092 1061 1131 1129 Id

170 1183 243 1247 satis
256 1198 377 1247 certum
392 1180 532 1264 ridetur,
557 1181 582 1246 si
600 1181 832 1247 consideremus
842 1195 1051 1248 assecuratum
1063 1204 1130 1246 non

171 1299 213 1364 ad
233 1301 455 1389 probationem
471 1297 720 1388 commodipost
736 1300 848 1365 initam
868 1299 1130 1365 assecurationem

172 1420 350 1509 constringi.
368 1441 477 1507 posse,
500 1418 582 1482 hano
605 1419 823 1506 exceptionem
850 1432 971 1485 tantum
996 1440 1053 1483 usu
1077 1410 1131 1482 ve}

170 1536 257 1620 nire,
288 1535 344 1600 ubi
376 1549 568 1601 assecuratus
595 1534 770 1602 bonafide
797 1550 829 1600 et
856 1536 988 1600 honeste
1018 1533 1059 1601 de
1089 1557 1132 1600 eo

171 1655 257 1720 ultro
294 1655 420 1742 copiam
452 1653 561 1736 faciat,
595 1653 642 1717 uti
671 1650 760 1718 dicto
796 1673 870 1716 casu
902 1652 998 1717 etiam
1022 1652 1131 1718 locum

171 1772 315 1837 habuisse
336 1769 471 1835 videtur.

568 2004 714 2102 ,se

249 2240 331 2340 out
350 2239 415 2321 fide
435 2239 581 2322 honoris,
604 2244 747 2328 quamvis
767 2237 869 2326 legum
890 2237 997 2304 codice
1016 2238 1062 2303 nd
1092 2288 1094 2296 ,

428 2381 498 2422 eam
519 2381 583 2422 non
604 2356 695 2421 detur
715 2356 879 2423 libertns.'’

220 2596 307 2660 Haec
334 2595 428 2660 etiam
457 2593 610 2659 clausulae
635 2615 707 2682 pars
737 2609 911 2659 memoratu
941 2609 988 2659 est
1020 2592 1133 2685 dignis·

176 2713 264 2780 sima.
311 2712 385 2777 Olet
408 2734 446 2776 ea
471 2710 721 2801 persuasionem,
744 2712 826 2775 hanc
851 2713 1132 2796 assecurationem,

175 2833 220 2896 uti
240 2833 302 2896 huc
324 2851 423 2918 usque
442 2828 482 2892 sit
506 2826 682 2918 descripta,
704 2850 769 2892 non
789 2828 882 2916 plane
905 2828 1011 2918 legum
1030 2829 1133 2894 verbis

176 2946 363 3028 convenire,
389 2944 499 3010 saitem
533 2946 570 3009 iis
606 2968 672 3010 non
702 2945 807 3034 palam
840 2966 905 3010 esse
935 2947 1130 3034 permissam.

174 3064 239 3128 Ubi
267 3078 372 3126 autem
393 3083 473 3150 quae
498 3062 568 3151 lege
593 3059 666 3126 data
695 3062 735 3125 sit
762 3061 997 3126 assecurationis
1027 3062 1135 3129 ineun-

174 3181 235 3246 dae
256 3179 383 3244 libertas
403 3177 568 3260 deficeret,
589 3179 691 3266 ipsae,
706 3199 786 3265 quae
802 3179 1133 3264 nunooontrahuntur,

172 3298 381 3388 obligationes
404 3295 535 3361 honoris
561 3291 662 3383 aegidi
692 3293 895 3378 mandantur,
917 3297 1043 3385 ejusque
1069 3295 1133 3363 fide

173 3419 261 3508 quasi
284 3416 542 3506 oppignorantur.
588 3411 727 3476 Honoris
754 3410 979 3502 significatione
1001 3414 1055 3479 hic
1077 3415 1132 3480 illa

138 3560 145 3581 ⁸
173 3537 270 3601 virtus
295 3531 467 3614 indicatur,
490 3552 569 3618 quae
592 3551 657 3595 non
679 3539 799 3594 tantum
821 3528 917 3596 fidem
939 3530 1048 3598 fallere
1067 3555 1134 3599 non

174 3653 348 3744 permittit,
377 3649 433 3716 sed
459 3652 597 3738 speeiem
626 3669 751 3737 <proque
771 3648 982 3739 ambiguitatis
1001 3653 1131 3742 respuit.

174 3771 273 3837 Pacta
296 3771 364 3860 ipsa
391 3768 494 3858 legem
523 3766 598 3833 dare
627 3766 822 3850 contractui,
854 3782 947 3856 atque
976 3791 1042 3840 csse
1071 3794 1133 3837 ser.
1184 3844 1186 3848 μ

174 3889 294 3971 sanda,
317 3889 373 3954 sub
396 3885 458 3952 fide
480 3887 612 3952 honoris
633 3884 837 3974 promittitur.
