2520 4566
551 277 589 341 st

86 483 248 553 commodi
264 499 368 569 tauta,
384 499 499 574 quanta
514 485 552 551 iis
568 486 747 555 satisfaciat.
793 486 925 578 Semper
942 505 1050 557 autem

86 603 121 669 in
145 601 300 681 subauditi
327 602 488 670 commodi
515 602 676 690 cujusdam
706 605 839 694 gratiam
866 611 1054 674 assecuratio

87 722 296 788 contrabitur.
342 720 458 786 Differt
470 721 577 810 itaqua
594 745 659 787 non
676 738 800 789 tantum
818 724 857 789 ab
875 725 936 795 illis
958 749 1052 818 spou-

87 840 251 923 sionibus,
272 861 352 927 quae
381 839 522 905 absolute
550 841 697 906 ineuntur
724 841 839 929 absque
867 842 942 907 ullo
967 867 1052 910 com·

91 955 188 1022 modo
212 955 366 1047 tegendo,
391 957 562 1045 quibusque
580 956 620 1022 de
639 974 726 1025 certa
742 982 863 1027 summu
879 959 999 1027 luditur
1021 963 1056 1027 in

92 1097 198 1140 ossum
213 1072 407 1140 advenientis
421 1074 471 1139 vei
483 1097 548 1140 non
561 1073 753 1142 advenientis
769 1078 872 1160 navis,
890 1076 946 1154 sad
961 1080 1056 1144 etiam

91 1192 224 1275 abillis,
249 1214 328 1280 quae
343 1192 377 1256 in
392 1191 507 1280 Anglia
523 1208 616 1280 atque
636 1194 782 1260 America
800 1195 947 1285 cognitae
962 1213 1051 1280 suot,

91 1325 184 1398 atque
206 1307 377 1374 secundum
399 1307 495 1374 fidem
517 1308 622 1374 datam
645 1326 731 1376 ratae
753 1333 819 1376 esse
841 1311 974 1397 debant,
988 1296 1057 1380 ‘sive

90 1426 283 1492 commodum
302 1426 404 1509 adsit,
427 1435 492 1492 sive
512 1451 600 1510 non,v
619 1426 762 1516 (interest
778 1453 816 1492 or
840 1453 881 1495 no
901 1430 1057 1520 interest).

92 1543 241 1627 Quamvis
264 1544 348 1609 enim
368 1543 585 1611 verissimasit
606 1547 783 1611 observatio
811 1570 928 1616 rasura
951 1548 1001 1613 ch.
1022 1552 1055 1628 q.

92 1667 111 1744 s
130 1685 161 1727 2.
170 1685 209 1750 p.
232 1677 433 1748 122.,atque
453 1675 476 1727 t.
500 1685 528 1727 1.
545 1667 563 1743 S
578 1659 653 1727 552.
664 1685 703 1750 p.
719 1662 773 1748 69.
793 1663 876 1728 hanc
888 1664 1059 1739 formulam

91 1800 161 1843 non
186 1776 329 1842 absolute
351 1778 555 1867 sponsionem
578 1775 739 1861 indicare,
762 1792 874 1866 atque,
899 1781 925 1842 si
952 1801 1061 1848 revera

93 1893 299 1962 commodum
319 1896 350 1961 ei
372 1895 484 1978 subsit,
506 1895 768 1961 assecurationem
796 1896 837 1960 ei.
860 1911 1058 1963 contractam

92 2011 231 2079 validam
254 2034 337 2098 esse,
363 2014 457 2086 etium
479 2014 535 2079 ubi
556 2014 752 2115 sponsiones¹
765 2015 945 2103 prohibitae
966 2033 1055 2099 sunt,

25 2180 33 2187 .
94 2145 200 2196 tamen
217 2147 325 2197 nostra
342 2131 530 2197 assecuratio
537 2179 549 2231 ,Ι
564 2155 644 2220 quae
667 2130 773 2221 quoad
793 2134 867 2199 hoc·
878 2131 1062 2221 requisitum

94 2249 172 2314 nulii
191 2249 405 2315 incertitudini
423 2251 564 2335 subjecta
583 2265 647 2333 est,
670 2274 766 2339 quum
784 2274 909 2340 semper
919 2250 965 2319 ,de
984 2275 1061 2340 quo·

96 2366 170 2432 dam
195 2366 366 2433 commodo
394 2383 489 2458 ngat„
506 2369 608 2434 ineo·
630 2369 671 2432 ab
695 2367 750 2437 illa
774 2367 885 2452 distat,
908 2367 994 2458 quod
1023 2394 1061 2436 ea
1168 2390 1170 2397 “

96 2485 195 2574 possit
211 2508 276 2551 esse
298 2487 442 2573 sponsio,
466 2502 573 2551 nostra
595 2508 661 2552 non
684 2487 734 2553 sit.

140 2603 196 2666 Est
210 2603 288 2668 haec
303 2604 397 2693 igitur
415 2611 480 2667 ceri
495 2611 632 2668 nominis
648 2612 840 2674 assecuratio
847 2647 862 2688 ,.,
877 2621 972 2693 atquo
985 2606 1059 2672 ideo

94 2721 260 2806 justissime
280 2721 324 2785 ita
344 2722 505 2792 nominata
525 2720 752 2790 a⁴doctissimis
775 2700 869 2793 JCtis
884 2725 919 2791 in
940 2721 1061 2792 duobus
1108 2786 1112 2794 .

97 2839 272 2923 sententiis,
293 2861 369 2927 quas
391 2837 430 2903 ad
452 2838 669 2907 illustrandum
689 2855 755 2909 tutu
776 2841 876 2922 lianc,
901 2856 967 2906 tum
988 2842 1063 2908 alias

98 2954 320 3044 disquisitionis
348 2979 436 3022 meae
466 2972 570 3046 partes
593 2955 633 3021 ad
660 2960 725 3043 ejus
754 2957 880 3023 calceru-
901 2956 1058 3044 adjiciam.

29 3086 32 3093 '
96 3074 226 3156 Altera,
260 3098 279 3138 a
308 3097 448 3140 ursonio
474 3097 635 3141 srunnniu
660 3091 754 3162 atque
784 3097 919 3141 suanno
941 3098 1062 3141 sucoso

97 3212 239 3256 ournnus
253 3213 338 3270 anno
359 3193 467 3272 1824„
488 3191 585 3258 altera
598 3213 768 3256 arsurum
785 3214 946 3258 oouusnro
963 3215 1067 3259 aaran

96 3331 162 3375 vsu
187 3328 371 3390 assusatus,
401 3330 549 3373 roaruua
570 3330 610 3374 oa
632 3332 700 3375 nau.
716 3331 845 3393 uoorr,
882 3325 914 3377 et
935 3334 1066 3378 uassuo

97 3447 280 3492 ournrauuo
309 3444 351 3488 nn
378 3447 479 3490 sonos
505 3447 567 3491 vsu
595 3448 945 3494 causans-urauwniun
976 3452 1061 3494 anuo

103 3543 197 3632 1837.
224 3542 288 3608 lata
315 3558 372 3608 est.
418 3542 590 3607 Nominum
619 3543 784 3609 celebritas
805 3568 933 3612 omnem
957 3543 1063 3611 lauda·

99 3663 220 3728 tionem
241 3676 374 3726 recusat.

144 3779 249 3861 Quum
270 3795 392 3862 tamen,
420 3794 456 3844 ut
470 3777 623 3863 vidimus,
651 3779 855 3869 sponsionum
874 3782 908 3845 in
934 3784 1065 3857 materia

101 3898 335 3965 assecurationis
356 3897 511 3989 factarum
533 3896 635 3962 forma
659 3898 752 3963 etiam
775 3899 918 3964 inrisum
936 3915 1067 3968 nostrae
1167 3989 1169 3994 ³
