2520 4566
298 593 528 657 ulssuttmtto
548 594 716 657 tumultu
737 595 983 660 luctaturus

622 844 658 884 DE

204 1020 208 1024 ”
244 1060 549 1172 uummu
579 1061 722 1172 tutu
752 1062 1028 1173 ulmus.

580 1389 696 1420 -Φ-

305 1620 306 1625 ¹
418 1649 421 1653 ⁷
466 1627 808 1684 mnonufflo.

586 1883 702 1900 *a

195 2104 299 2227 Quod
320 2125 361 2193 de
376 2127 497 2218 legibus
513 2124 660 2210 nauticis,
683 2148 763 2215 quae
779 2127 970 2217 populorum
983 2132 1033 2216 jus
1049 2153 1113 2197 ma·

146 2249 288 2314 ritimum
302 2246 514 2329 constituunt,
530 2244 703 2335 generatim
721 2260 754 2310 et
771 2245 930 2311 verissime
947 2245 1025 2311 dixit
1042 2247 1111 2314 Cla-

142 2367 279 2432 rissimus
289 2388 352 2430 mr
363 2387 451 2429 usuc
468 2363 532 2454 (1),
549 2386 675 2429 »earum
686 2363 768 2428 hanc
779 2362 847 2428 fere
859 2386 924 2429 esse
937 2365 1108 2450 rationem,
1174 2400 1176 2403 ·

145 2515 159 2542 »
172 2500 208 2549 ut
228 2484 427 2566 contineant,
449 2503 524 2569 quas
540 2480 705 2546 necessitas
718 2480 907 2569 postulavit,
925 2497 978 2546 aut
993 2482 1111 2549 utilitas

144 2601 339 2690 »introduxit
356 2596 616 2681 consuetudines,
641 2598 738 2687 magis
761 2599 921 2688 magisque
935 2600 1107 2688 perfectas,

143 2735 216 2804 »et‚
237 2719 344 2809 prouti
364 2716 515 2806 temporis
534 2716 753 2806 opportunitas
772 2716 931 2805 postulare
948 2717 1013 2782 visa
1031 2718 1108 2802 fuit,

144 2838 335 2927 »paullisper
363 2833 531 2923 aliquando
556 2833 771 2917 immutatas‚’'
801 2834 837 2899 id
867 2856 943 2922 prae
977 2837 1108 2903 caeteris

144 2953 349 3019 confirmatur
368 2952 449 3037 illis,
473 2976 552 3042 quae
575 2969 775 3019 contractum
797 2960 1040 3017 assecurationis
1059 2975 1107 3018 re·

141 3063 240 3162 gunt(
276 3071 338 3135 Hic
368 3072 453 3136 enim
466 3072 619 3136 *omnium
641 3071 813 3136 certissime
840 3085 924 3136 totus
951 3070 1107 3160 originem

143 3188 239 3254 debet
261 3188 449 3253 increscenti
479 3189 669 3278 navigationi
696 3188 888 3277 populorum
920 3187 1105 3254 recentioris

142 3310 222 3373 aevi.
269 3304 420 3387 Quamvis
436 3305 522 3369 enim
540 3303 781 3369 Atheniensibus
803 3326 868 3368 non
888 3304 997 3393 ignota
1009 3303 1105 3371 luerit

141 3426 276 3517 pecunia
296 3425 480 3510 trajectum,
505 3446 601 3511 quae,
626 3421 743 3490 damno
765 3421 944 3507 nondam,
969 3440 1035 3490 erat
1054 3448 1104 3491 re·

141 3540 314 3626 stituenda‚
332 3557 516 3607 nontamen
528 3541 732 3608 celebrabant
747 3544 1027 3628 assecurationem,
1042 3568 1104 3633 qua

167 3825 208 3897 (1)
228 3827 259 3878 ln
273 3827 465 3899 prolegomenis
479 3829 710 3900 praestantissimae
728 3829 915 3885 dissertationis
927 3830 957 3882 de
973 3830 1104 3898 Magistro

231 3915 324 3980 navis,
342 3923 407 3984 pert.
425 3915 503 3983 prior.
522 3933 549 3984 p.
568 3915 592 3966 1.
