2520 4566
624 233 661 297 lt

151 445 265 511 Gallici
288 467 358 510 eam
377 441 648 526 desideraverunt,
672 441 865 510 declarantes
879 469 912 511 se
924 469 991 514 non
1006 448 1114 532 aliter,

73 613 74 617 ,
152 588 246 654 quam
262 564 296 627 in
309 560 430 627 salvum
444 558 612 626 adventum
626 562 726 646 naris,
748 561 884 652 ideoque
898 565 1031 631 exclusis
1045 590 1116 632 ava·

151 683 221 765 riis,
235 697 266 747 et
279 680 387 746 demto
396 682 467 765 jure
477 681 510 744 in
523 678 557 743 id
571 678 657 768 quod
668 697 860 766 servaretur,
872 683 1067 775 signaturos(
1088 686 1115 775 ).

149 803 187 866 In
204 788 303 866 altero
317 815 422 865 autem
436 813 628 863 assecuratus
640 798 734 863 Anno
752 800 834 888 1780
848 824 918 866 eam
930 800 1119 870 desideravit

150 920 184 985 in
196 919 327 1008 Anglia,
340 918 374 982 in
392 919 524 1005 gratiam
541 915 722 999 commodi,
738 916 824 1006 quod
838 917 878 983 ad
892 943 1031 1003 merces,
1048 923 1117 1009 qui·

145 1039 205 1103 bus
229 1037 317 1102 navis
339 1051 469 1100 onerata
490 1049 573 1116 erat,
596 1034 774 1123 pertinebat
791 1035 851 1125 (2).
897 1036 991 1103 Prior
1007 1054 1115 1105 tamen

150 1179 217 1221 non
240 1127 318 1221 abiit
341 1153 376 1217 in
398 1153 623 1236 Contractum3
644 1153 801 1241 posterior
822 1154 866 1220 ob
883 1155 1054 1246 singulares
1067 1181 1117 1224 ra·

150 1275 253 1340 tiones
277 1268 422 1358 ajudicc
443 1271 573 1335 rescissa
590 1285 655 1353 est,
679 1287 790 1361 utpote
812 1273 953 1363 speciem
977 1276 1119 1363 prohibi-

151 1408 202 1458 tae
221 1390 398 1480 sponsionis
420 1389 580 1454 exhibens.
628 1388 814 1478 Opportune
833 1391 964 1456 forsitan
976 1392 1056 1459 haec
1070 1417 1117 1458 as-

151 1509 308 1576 securatio
332 1507 509 1596 comparari
528 1523 636 1596 posset
657 1531 730 1571 cum
747 1507 802 1572 illa
819 1510 1013 1599 Anglorum,
1038 1534 1118 1599 quae

150 1629 208 1693 sub
226 1627 356 1692 nomine
377 1633 521 1708 interest,
541 1647 580 1689 cr
593 1649 635 1690 no
647 1633 778 1691 interest
792 1628 918 1719 cognita
931 1643 995 1712 est,
1011 1628 1072 1694 illis
1083 1630 1118 1694 in

151 1746 293 1828 casibus,
317 1744 373 1808 ubi
393 1766 503 1810 revera
518 1742 723 1809 commodum
742 1743 907 1832 quoddam.
921 1769 1046 1812 causam
1065 1747 1117 1814 de·

150 1863 197 1928 dit
219 1863 415 1945 contractui,
437 1859 478 1927 de
500 1885 561 1950 qua
580 1861 615 1927 in
634 1862 777 1951 sequenti
795 1864 898 1952 capite
914 1864 1033 1953 aliquid
1048 1889 1116 1932 me·

148 1979 339 2049 morandum
358 1979 436 2062 erit,
457 1977 513 2043 sed
531 1981 619 2065 cujus
638 2001 747 2045 casum
767 2002 833 2045 non
852 1982 1010 2047 existentis
1025 2005 1117 2048 com·

144 2096 234 2166 modi
256 2097 310 2187 (no
330 2094 472 2184 interest)
493 2111 601 2161 nostra
625 2099 816 2163 assecuratio
836 2099 961 2188 penitus
978 2101 1111 2190 respuit.

144 2218 233 2284 Haec
248 2217 343 2307 igitur
358 2216 420 2282 suis
431 2215 499 2304 ipsa
511 2230 634 2280 constat
647 2216 805 2300 terminis,
819 2239 921 2307 neque
934 2218 1025 2284 aliter
1039 2241 1115 2311 cog·

142 2336 233 2402 nosci
255 2348 377 2424 potest,
396 2354 491 2422 quam
508 2355 546 2399 ex
568 2330 639 2423 ipsa
659 2336 725 2419 ejus
743 2336 881 2402 formula
898 2358 957 2402 usu
970 2353 1113 2428 recepta.

143 2454 234 2518 Eam
243 2454 350 2540 itaque
372 2472 498 2540 sequar,
513 2467 549 2516 ut
561 2451 703 2518 indolem
716 2470 749 2519 et
761 2453 1040 2545 determinationes
1055 2457 1114 2522 hu·

143 2575 194 2658 jus
210 2570 447 2635 assecurationis
463 2591 631 2660 exponam.
982 2548 984 2555 Ι

191 2688 250 2753 Illa
273 2702 379 2754 autem
399 2688 536 2754 formula
553 2689 631 2754 mihi
650 2691 814 2778 sequentia
831 2692 995 2781 speciatim
1012 2693 1118 2758 obser

145 2803 249 2874 rnnda
264 2827 445 2896 proponere
458 2805 598 2891 videtur,

193 2936 236 2993 1⁰.
261 2926 537 2992 Assecurationem
551 2926 621 2992 ficri
636 2935 670 2991 in
684 2926 805 2992 salvam
820 2936 1067 3018 navigationem,

190 3048 238 3112 πο.
265 3043 307 3110 ad
321 3043 473 3110 tuendum
489 3042 649 3133 quoddam
666 3042 890 3131 commodum,

188 3162 236 3230 3⁰.
262 3163 303 3230 ab
317 3179 451 3251 utraque
462 3179 553 3254 parte
570 3164 686 3251 absque
699 3177 858 3250 restomo,

188 3285 235 3362 4⁰.
258 3280 426 3349 limitando
441 3281 679 3349 resarcitionem
698 3281 739 3348 ad
752 3305 859 3351 casum
875 3284 1040 3372 tintajore
1051 3283 1115 3348 im·

253 3399 354 3490 pediti
369 3398 536 3484 adrentds,

188 3516 232 3585 5⁰.
257 3517 473 3585 renunciando
487 3520 533 3603 ei,
551 3516 638 3608 quod
653 3536 808 3606 servetur,

176 3818 219 3888 (l)
239 3817 376 3883 Itanon,
396 3822 413 3871 t
433 3819 482 3870 Tt.
496 3835 526 3886 p.
544 3819 596 3871 304
613 3833 684 3888 seqq.

177 3902 220 3974 (²)
237 3901 312 3956 idam
329 3906 346 3955 J
365 3903 415 3954 Ta.
432 3919 461 3969 p.
480 3903 531 3954 220
549 3917 619 3969 seqq.
