2520 4566
636 274 706 343 17⁴

157 490 257 554 citato
275 486 324 577 (r)
347 488 442 555 etiam
467 494 502 552 tn
523 485 643 552 salvum
667 484 831 552 wentam
854 485 932 577 (aas
943 487 1119 576 gbieklt‘clte

156 605 315 696 Ankunft)
337 605 511 672 vocabatur
534 604 734 691 assecuratio.
780 603 994 692 Quaecunque
1015 622 1119 670 autem

152 721 369 791 denominatio
390 700 604 806 adhibeatur,
639 745 763 812 semper
799 722 920 788 factum
956 721 1116 810 quoddam

149 837 321 924 iudicatur,
344 854 437 928 atque
452 837 563 904 eadem
576 856 623 905 est
635 862 724 905 mens
737 840 992 923 assecurationis,
1008 841 1111 930 ipsum

149 959 212 1023 iter
225 956 311 1023 salve
327 955 513 1047 perductum
531 957 571 1021 iri
585 954 626 1022 ad
642 956 752 1022 locum
765 956 963 1022 destinatum.

598 1168 670 1243 52.

313 1370 327 1396 ι
336 1338 392 1405 Ad
404 1321 718 1429 tuendumquoddom
733 1333 955 1405 commodum.‘’

198 1544 327 1632 Absque
358 1565 418 1625 eo,
448 1542 533 1631 quod
554 1546 720 1610 assecurati
745 1545 885 1625 intersit,
915 1560 1007 1632 atque
1035 1540 1114 1608 illud

149 1661 297 1753 periculis
322 1660 499 1748 expositum
522 1683 601 1748 quae
623 1661 663 1725 ab
688 1662 917 1726 assecuratione
942 1661 1113 1749 suscipiun-

149 1794 220 1861 tur,
251 1778 318 1842 veri
340 1776 476 1840 nominis
497 1777 684 1840 assecuratio
712 1777 877 1841 subsistere
904 1798 970 1840 non
993 1791 1111 1865 potest.

150 1894 234 1960 Illud
245 1894 428 1982 requisitum
442 1908 506 1976 est,
524 1908 560 1957 ut
571 1891 704 1976 dicitur,
720 1893 760 1958 de
775 1893 906 1959 essentm
919 1907 1109 1957 contractus.

195 2013 301 2095 Quum
334 2013 429 2104 igitur
458 2013 647 2078 assecuratio
677 2012 780 2078 salvae
808 2011 1013 2102 navigationis
1047 2012 1111 2077 boc

149 2153 318 2197 commune
341 2130 458 2195 babeat
479 2150 552 2195 eum
581 2131 727 2196 omnibus
755 2131 842 2215 aliis,
869 2131 1037 2197 observatu
1063 2146 1110 2196 ta·

147 2271 222 2314 men
240 2248 368 2339 dignum
382 2263 443 2332 est,
460 2246 539 2314 illud
556 2246 642 2337 quod
659 2250 801 2332 interest,
819 2249 885 2315 sive
903 2245 1109 2313 commodum

148 2367 334 2448 assecurati,
367 2363 420 2430 hic
448 2366 611 2432 manifeste
639 2365 786 2456 distingui
814 2368 854 2432 ab
879 2367 949 2456 ipso
980 2366 1108 2453 objecto

147 2484 395 2549 assecurationis.
440 2484 523 2548 Nam
541 2485 680 2571 quamvis
694 2485 774 2549 haec
786 2482 946 2550 distinctio
963 2498 1108 2548 accurate

147 2595 311 2668 observata
326 2602 366 2666 sit
378 2601 419 2665 ab
431 2601 559 2689 optimis
572 2602 790 2690 scriptoribus,
809 2603 864 2688 qui
873 2600 948 2666 ideo
960 2601 1108 2687 sejunctis

144 2719 224 2785 locis
247 2736 317 2785 tum
342 2718 383 2785 de
405 2719 550 2806 objecto,
574 2735 643 2784 tum
669 2718 710 2785 de
732 2716 902 2784 commodo
925 2735 1035 2809 agunt,
1059 2719 1106 2784 uti

145 2860 316 2904 assusatus
337 2837 387 2902 cb.
409 2836 440 2903 3.
462 2851 495 2903 et
514 2842 566 2919 4.,
589 2860 714 2904 namus
733 2838 783 2906 clt.
801 2838 832 2903 3.
847 2850 879 2902 et
893 2835 944 2919 5.,
963 2859 1106 2902 rannerus

148 2977 163 3018 1
182 2954 242 3020 ΤΙι.
260 2965 306 3018 1⁶r
314 2955 484 3020 Abscltm‘tt
494 2956 561 3020 und
573 2955 619 3020 3³
630 2955 817 3038 Absclmt'tt,
833 2970 865 3020 et
883 2963 980 3019 nonus
996 2960 1013 3035 S
1027 2952 1102 3041 575.

145 3092 256 3160 seqq„
277 3083 311 3134 et
333 3077 351 3151 s
375 3070 449 3139 552.
477 3095 586 3162 seqq,
610 3097 647 3138 ea
670 3073 840 3138 tamenab
863 3071 949 3153 aliis,
973 3086 1068 3158 atque
1087 3094 1106 3135 a

142 3186 385 3277 legislatoribus
404 3211 469 3254 non
485 3190 536 3255 ita'
547 3191 654 3255 stricte
674 3191 840 3254 observata
854 3186 989 3252 videtur.

188 3304 357 3390 Objectum
380 3321 413 3369 et
430 3304 634 3370 commodum
648 3307 770 3395 saepius
786 3302 1038 3386 coufundtmtur,
1059 3302 1105 3368 ita

143 3437 179 3487 ut
203 3444 263 3512 pro
283 3419 392 3486 iisdem
412 3422 603 3506 habeantur,
631 3439 724 3510 atque
749 3424 831 3488 inter
857 3423 982 3508 objecta
1006 3422 1101 3486 etiam

143 3539 319 3605 referantur
350 3539 404 3604 illa
431 3538 614 3623 commoda,
645 3562 725 3628 quae
749 3563 818 3605 non
843 3540 1100 3622 transvehuntur,

142 3658 208 3723 imo
220 3657 274 3723 ilia
288 3680 367 3745 quae
385 3659 520 3724 nonnisi
533 3674 605 3749 post
616 3674 776 3748 peractum
790 3660 852 3725 iter
864 3658 941 3724 oriri
957 3672 1097 3747 possunt.

176 3913 216 3984 (ι)
237 3886 321 3968 ιη.
335 3933 364 3984 p.
382 3917 444 3967 sos
473 3978 475 3982 Α
