2520 4566
451 922 637 1023 ctrur
674 925 716 1024 1.

293 1195 335 1242 D!
358 1194 468 1243 1¹01ssss
491 1196 590 1244 HUIUS
610 1198 889 1252 ASSEGURATIOMS·

145 1776 259 1899 Quum
277 1822 397 1868 nomen
413 1802 533 1892 ipsum,
558 1822 621 1890 quo
638 1802 745 1869 salvae
759 1793 971 1895 novrgattonis
989 1835 1070 1881 osse·

100 1922 223 1987 curatio
239 1919 412 2005 indicatur,
436 1917 583 1985 ostendat
604 1942 675 1985 eam
694 1936 729 1986 ut
741 1924 881 2012 speciem
893 1928 1004 1996 referri
1018 1932 1070 2000 de·

97 2039 175 2105 berc
187 2038 271 2104 inter
285 2038 531 2103 assecurationes
546 2039 738 2123 maritimas,
763 2040 888 2109 luberet
900 2044 941 2112 de
955 2048 1068 2117 harum

98 2179 214 2248 genere
228 2154 383 2244 quaedam
399 2156 624 2246 praemittere,
648 2158 675 2221 si
691 2157 771 2223 illud
787 2182 854 2224 non
871 2164 946 2228 satis
962 2170 1070 2258 cogni·

96 2291 163 2341 turn
179 2297 379 2365 praesumere
393 2274 515 2341 liceret.
547 2274 597 2340 De
615 2296 655 2340 eo
674 2277 759 2341 enim
776 2300 891 2366 genere
908 2302 1017 2348 omnes
1035 2300 1067 2350 et

95 2392 180 2484 leges
207 2408 239 2459 et
263 2408 408 2458 auctores
436 2407 586 2482 egerunt,
611 2414 708 2480 quum
734 2415 752 2457 a
780 2396 937 2462 maritimi
965 2402 1067 2468 omnis

97 2511 335 2577 assecurationis
360 2509 492 2574 materia
518 2507 673 2598 originem
700 2508 842 2596 duxerit,
872 2530 906 2579 et
931 2513 973 2580 ad
998 2520 1064 2604 ejus

95 2628 274 2718 exemplum
287 2628 341 2693 hic
354 2640 536 2691 contractus
547 2623 589 2690 ad
605 2626 803 2716 suscipienda
813 2631 955 2719 pericula
965 2635 1062 2725 ignis,

93 2746 222 2829 mortis,
244 2737 421 2827 seruitutis,
444 2743 631 2809 morborum
655 2744 856 2831 animalium,
884 2749 1063 2839 grandinis,

94 2879 259 2953 porrectus
282 2864 333 2928 sit.
353 2904 356 2909 -
380 2860 503 2928 Sufficit
521 2861 617 2951 igitur
634 2876 775 2946 notasse,
801 2863 888 2929 illam
907 2889 1064 2934 assecura-
1156 2955 1160 2963 Ι

95 2980 217 3044 tionem
244 2979 417 3070 generatim
442 2979 589 3069 amplecti
614 2995 873 3074 omnepactum,
893 3005 957 3070 quo
977 2985 1062 3070 quis,

93 3119 155 3187 pro
179 3095 269 3160 certo
293 3095 604 3185 premio„suscipiat
621 3095 764 3184 pericula
785 3097 820 3160 in
846 3099 926 3162 mari
950 3098 1061 3184 obvia,

94 3213 208 3304 quibus
224 3211 351 3277 alterius
367 3211 572 3277 commodum
588 3212 649 3277 erit
662 3212 849 3301 expositum.
894 3214 965 3279 Hac
979 3240 1062 3282 com·

94 3331 180 3397 modi
197 3352 279 3396 voce
298 3325 396 3412 illud,
420 3328 506 3418 quod
524 3336 699 3392 assecurati
720 3335 865 3413 interest,
886 3331 1062 3422 significare

92 3449 248 3515 volumus.
295 3446 546 3512 Assecurationis
564 3459 669 3511 autem
685 3444 816 3512 effectus
833 3448 868 3512 in
883 3450 1062 3518 universum

89 3568 143 3633 hie
159 3581 225 3649 est,
249 3579 285 3630 ut
302 3565 346 3648 si,
365 3586 440 3630 casu
453 3563 599 3653 praeviso
616 3563 783 3648 existente,
800 3582 992 3632 assecuratus
1007 3584 1059 3635 to·

95 3685 157 3750 tius
183 3682 345 3749 commodi
369 3685 526 3768 jacturam
551 3680 703 3770 patiatur,
728 3682 758 3747 ei
781 3683 816 3747 in
842 3683 979 3750 solidum
1006 3687 1063 3754 fiat

93 3803 272 3886 resarciti03
289 3802 339 3867 sin
358 3816 464 3866 autem
476 3814 598 3865 tanturn
619 3821 657 3864 ex
677 3814 768 3888 parte
789 3799 908 3868 laesum
923 3804 979 3887 sit,
995 3805 1061 3872 sive

97 3922 227 4012 propria
243 3918 353 4004 clade,
375 3919 439 3986 sive
459 3916 597 4009 obligati
611 3917 645 3983 in
663 3916 797 3985 aliorum
816 3919 934 3987 ararim
949 3923 1065 3990 contri·
