2520 4566
581 251 622 314 39

113 459 242 527 mamam
263 457 402 543 habens,
427 457 482 526 eff.
510 455 593 524 Aru.
624 459 730 543 1131,
767 460 861 529 1133.
888 464 922 531 C.
948 465 984 530 C.
1016 466 1081 550 G„

113 591 147 643 et
172 577 271 651 Arta
302 574 403 666 1371,
433 574 527 666 1373.
555 577 590 642 C.
618 576 653 642 C.
676 577 735 644 N..
778 576 862 642 Illud
887 594 991 646 autem
1016 605 1083 648 non

115 708 221 784 potest
238 693 348 764 vitiare
367 708 469 786 totam
481 694 779 783 'Assecurationem,
794 718 869 761 nam
883 697 1083 766 soiummodo

112 815 180 899 ejus
205 811 337 878 effectus
362 811 445 876 ultra
469 813 658 880 contractus
680 828 824 880 naturam
848 814 1004 900 extendit,
1027 816 1084 884 sed

113 951 181 994 non
205 953 245 995 eo
272 929 342 1019 ipso
374 931 548 1019 corrumpit
575 929 667 1013 illos,
703 931 758 1018 qui
785 932 870 996 intra
899 948 1080 999 contractus

112 1047 265 1112 terminos
296 1046 475 1115 subsistunt.
521 1046 631 1113 Manet
652 1048 748 1138 igitur
769 1050 892 1140 integra
907 1047 1013 1116 damni
1030 1074 1081 1117 11-

113 1163 270 1230 sarciendi
292 1163 466 1255 obligatio,
491 1163 547 1232 sed
571 1166 715 1252 quae'ab
740 1188 799 1250 eo,
824 1165 910 1255 quod
925 1182 1080 1233 servatum

113 1298 179 1368 est,
208 1283 356 1372 provenit
378 1283 515 1372 pecunia
538 1284 760 1368 assecuratori,
786 1299 887 1351 totam
910 1309 1082 1371 summam,

112 1423 192 1490 quae
225 1402 260 1466 in
287 1402 550 1468 assecurationem
576 1399 713 1469 deducta
737 1416 798 1485 est,
821 1405 973 1489 solventi,
1002 1428 1079 1494 pro·

113 1516 203 1586 desse
228 1517 344 1602 debet,
368 1533 438 1603 aut,
461 1520 488 1584 si
518 1535 695 1585 assecurato
724 1521 904 1606 obvenerit,
925 1546 1079 1589 summam

111 1637 174 1728 ipsi
202 1637 243 1702 ab
267 1653 478 1703 assecumtorc
502 1635 688 1703 solvendam
715 1628 899 1704 diminuere.
946 1642 984 1705 In
1008 1642 1079 1731 plu·

113 1753 204 1820 rimis
230 1768 316 1819 certe
346 1753 468 1820 casibus
498 1767 681 1819 contractae
709 1754 946 1820 assecurationis
977 1758 1081 1824 salvae

114 1870 323 1960 navigationis
363 1871 500 1936 servatio
536 1870 645 1959 partis
668 1869 830 1936 c'ommodi
863 1871 915 1938 vix
947 1874 1079 1962 cogitari

111 2003 238 2079 potest,
261 1985 319 2055 sed
348 1989 412 2055 hoc
442 1987 483 2053 ad
510 1989 726 2078 quaestionem
753 1988 830 2054 facti
857 1989 1013 2079 pertinet,
1042 1991 1079 2056 in

112 2109 267 2195 cujusque
293 2108 398 2197 specie
420 2105 640 2174 dirimendam.
686 2106 809 2171 Arbitri
829 2107 965 2174 maxime
988 2129 1081 2174 vene.-

112 2222 223 2309 randi,
247 2225 294 2289 uti
314 2225 620 2312 jamobservatum,
641 2225 686 2289 ita
710 2222 797 2312 quod
816 2239 972 2289 servatum
995 2223 1080 2291 vidc-

113 2342 206 2408 batur
234 2365 397 2408 asumma
426 2341 664 2409 assecurationis
700 2340 820 2407 detrahi
853 2345 1010 2429 jusserunt
1043 2343 1078 2409 in

112 2460 267 2527 sententia
281 2460 366 2525 Anni
391 2460 498 2540 1824..
544 2459 581 2524 In
597 2482 672 2524 casu
687 2474 793 2525 autem
808 2439 1078 2526 sententiae'Anni

117 2578 213 2668 1837.
239 2578 342 2662 visum
366 2576 448 2661 fuit,
481 2578 694 2671 impensarum
719 2575 861 2642 nondum
878 2595 1078 2670 erogatamm

112 2718 179 2762 uon
212 2695 320 2761 stricte
350 2695 507 2760 rationem
540 2717 607 2759 esse
634 2693 824 2760 habendam.
870 2696 937 2761 Nos
962 2712 1076 2763 autem

113 2815 233 2906 agimus
255 2813 296 2880 de
325 2815 415 2897 Jure,
437 2812 584 2900 ideoque
598 2808 829 2876 adhaerendum
851 2826 995 2900 putamus
1023 2813 1075 2896 ei,

113 2930 200 3021 quod
215 2930 332 2997 abillis
349 2930 484 2995 Arbitris
499 2928 713 3011 indicabatur,
730 2928 832 3016 ipsum
846 2942 975 3016 pactum
986 2927 1077 3017 Legis

111 3072 276 3116 censuram
297 3071 364 3112 nou
386 3070 476 3136 posse
499 3045 648 3136 effugere.

156 3167 249 3232 Nova
277 3163 574 3230 Amstelodameusis
608 3161 745 3229 formula
775 3177 904 3252 pactum
937 3162 1002 3226 hoc
1031 3160 1076 3227 ita

110 3281 303 3366 moderavit,
323 3297 359 3347 ut
374 3281 522 3348 effectum
537 3303 604 3347 non
619 3282 785 3363 sortiatur,
808 3281 835 3345 si
852 3295 965 3359 natura
986 3302 1075 3346 coru·
1102 3341 1104 3344 ⁴

111 3399 201 3468 modi
236 3422 276 3466 ex
309 3399 466 3487 aequitate
498 3398 672 3488 postulauet
705 3400 770 3484 ejus
796 3398 1070 3488 temperationem

110 3519 173 3586 Vix
194 3536 300 3585 tamen
320 3517 477 3584 videtura
498 3532 611 3584 natura
628 3515 791 3584 commodi
807 3516 946 3608 pendere
962 3539 1070 3612 posse,

111 3652 218 3704 utrum
241 3637 461 3731 assecuratori,
483 3660 524 3702 an
547 3652 722 3702 assecurato
744 3633 780 3700 id
806 3633 893 3724 quod
914 3650 1071 3701 servatum

110 3773 157 3822 111
178 3755 328 3846 prodesse
350 3753 480 3840 debeat,
503 3756 537 3821 in
561 3753 801 3821 diminutionem
827 3775 966 3819 summae
990 3774 1072 3818 asse·

109 3874 300 3958 curationis,
331 3888 383 3938 aut
412 3873 495 3939 ultra
527 3896 607 3940 cam.
654 3874 717 3938 Ubi
743 3872 896 3964 posterius
931 3870 1074 3938 absolute
