2520 4566
674 271 714 335 36

216 477 395 542 contractis
420 499 486 543 esse
509 495 689 567 appareant.
737 477 895 561 Quatenus
918 496 1021 547 autem
1045 505 1063 546 a
1089 505 1175 550 corn·

216 597 303 661 muni
318 597 547 661 assecuratione
559 594 745 679 deflectant,
763 596 797 662 id
812 620 886 663 mox
901 615 1058 666 occurret.
1081 599 1176 664 Nunc

214 713 300 779 enim
330 712 432 778 adhuc
458 712 629 779 videndum
652 729 699 780 est
722 712 763 779 de
785 731 950 804 pactorum
976 715 1173 803 adjectorum

214 853 286 895 cum
307 831 389 920 Lege
413 832 642 897 convenientia.

258 950 298 1014 Et
311 952 378 1037 jam
393 951 497 1014 statim
512 949 607 1040 igitur
622 949 675 1013 hic
691 937 950 1013 considerandum
965 965 1012 1014 est
1023 966 1171 1040 pactum,

212 1068 299 1158 quod
321 1067 507 1134 assecuratio
528 1066 583 1131 fiat
605 1065 646 1130 ab
667 1079 798 1156 unoque
811 1081 907 1156 parte
927 1076 996 1133 sine
1017 1083 1170 1137 restorno.

212 1187 246 1250 Si
263 1184 342 1251 illud
356 1186 460 1274 primo
478 1184 553 1249 loco
577 1182 825 1273 perpendamus,
850 1200 1000 1272 quatenus
1023 1185 1172 1252 excludat

210 1304 439 1372 restitutionem
466 1301 615 1392 praemii,
646 1302 767 1366 etiamsi
791 1302 910 1366 nullum
938 1305 1062 1367 ineatur
1086 1305 1171 1393 peri-

210 1425 332 1506 culum,
358 1421 446 1512 gravi
470 1420 533 1484 hoc
561 1441 709 1483 censurae
732 1419 906 1508 expositum
937 1442 1003 1484 esse
1029 1418 1168 1488 videtur.

209 1541 323 1608 Omnis
338 1537 632 1608 enimassecuratio
654 1550 766 1602 natura
785 1558 840 1601 sua
858 1537 989 1624 requirit
1007 1538 1166 1627 pericula,

209 1660 319 1749 quibus
335 1648 496 1742 objectum
511 1655 551 1719 sit
569 1653 761 1743 expositum,
781 1669 827 1738 et,
844 1657 869 1719 si
884 1655 1064 1745 ingratiam
1084 1680 1168 1723 mer·

207 1793 335 1844 caturae
353 1773 488 1840 sufficiat
512 1772 704 1863 periculum,
728 1771 815 1859 quod
840 1774 1014 1861 putativum
1036 1773 1166 1860 dicunt,

174 1949 177 1953 ,
207 1896 262 1962 ubi
282 1910 427 1982 tempore
451 1891 630 1956 contractis
649 1892 715 1977 jam
732 1887 853 1972 clades,
872 1890 973 1957 inscio
994 1906 1100 1957 tamen
1120 1917 1169 1958 as-

207 2026 369 2092 securato,
391 2009 501 2073 existat
518 2005 583 2095 (1),
606 2028 673 2071 non
691 2023 797 2072 tamen
813 2008 929 2096 absque
943 2009 1009 2074 ullo
1024 2011 1170 2099 periculo

205 2143 388 2197 contractus
413 2124 546 2215 cogitari
568 2138 684 2213 potest.
730 2125 884 2191 Convenit
907 2127 1002 2218 igitur
1023 2130 1088 2215 ejus
1110 2153 1167 2195 na·

205 2267 296 2315 turae
316 2262 352 2311 ut
376 2243 551 2335 periculum
574 2257 775 2331 comparetur
797 2243 989 2328 conditioni,
1014 2269 1076 2335 qua
1099 2270 1168 2312 non

205 2368 357 2433 existente
391 2360 578 2427 assecuratio
613 2382 679 2425 non
708 2376 871 2426 contracta
899 2361 1053 2429 videatur.
1087 2363 1166 2430 -Sed

205 2500 275 2550 tum
299 2501 425 2570 quoque
447 2475 621 2568 praemium
645 2493 808 2568 erogatum
832 2494 868 2543 ut
885 2478 1060 2546 indebitum
1076 2505 1168 2571 repe·

204 2599 337 2666 tendum
356 2620 441 2679 esse,
464 2618 513 2661 res
529 2595 596 2684 ipsa
613 2593 769 2661 desiderat
782 2596 841 2686 (a).
887 2597 1020 2663 Pactum
1037 2598 1078 2665 de
1098 2592 1176 2666 non*

203 2714 398 2784 restituendo
419 2713 561 2803 praemio
584 2711 697 2778 cadere
716 2711 841 2780 ridetur
861 2715 895 2780 in
917 2717 1056 2806 speciem
1072 2741 1167 2807 spon·

204 2835 301 2901 sionis
322 2831 362 2897 de
383 2853 449 2896 non
472 2829 611 2895 ineundo
633 2830 793 2919 periculo,
818 2847 910 2920 atque
935 2835 1032 2898 nimia
1055 2834 1119 2901 fide
1144 2860 1164 2902 e

200 2950 339 3019 formula
363 2948 539 3038 sponsionis
565 2971 631 3012 esse
660 2949 873 3016 translatum.¹
901 2953 1078 3040 Unicuique
1109 2978 1164 3020 au·

203 3081 270 3136 tem
296 3067 462 3149 elucescit,
490 3063 569 3129 illud
592 3081 721 3154 pactum
746 3090 838 3155 posse
867 3069 907 3132 ab
936 3071 1165 3138 assecuratione

202 3188 305 3253 salvae
330 3183 536 3274 navigationis
564 3184 699 3274 sejungi,
723 3184 839 3272 absque
864 3185 930 3250 ullo
955 3183 1163 3275 detrimento,

202 3327 299 3394 quum
320 3324 428 3369 revera
451 3299 615 3391 provideat
638 3301 673 3365 in
697 3325 820 3385 casum,
844 3327 863 3367 a
887 3327 950 3390 quo
973 3309 1162 3374 assecuratio

203 3423 344 3512 incipere
370 3441 437 3484 non
463 3433 578 3508 potest.
622 3421 729 3507 Atque
750 3421 813 3485 hoo
839 3442 903 3486 non
926 3421 972 3486 ita
991 3446 1065 3488 raro
1081 3426 1162 3491 acci·

232 3657 275 3728 (t)
295 3656 338 3710 ct.
359 3671 491 3708 rarnrasus
510 3655 563 3708 No.
582 3658 662 3722 590..
680 3659 755 3710 Artt.
775 3659 843 3725 365,
862 3661 923 3713 366.
944 3661 1004 3713 Cod.
1019 3663 1059 3714 M.
1082 3664 1116 3715 G.
1137 3674 1163 3717 ot

291 3742 354 3792 Art.
370 3742 432 3793 598.
453 3739 482 3790 C.
498 3740 539 3791 M.
556 3739 607 3790 N(

230 3819 272 3892 (2)
289 3820 334 3956 ξεί.
351 3821 460 3955 rippas}
474 3822 557 3955 238„
575 3834 602 3874 et
614 3833 727 3877 auctores
746 3825 779 3876 ab
794 3842 826 3877 eo
845 3828 933 3895 citati,
952 3840 978 3882 et
993 3831 1069 3886 Arii.
1081 3834 1161 3902 635„

324 3907 349 3955 Α.
392 3938 399 3952 ‚
449 3937 456 3954 ‚
504 3938 511 3954 ⁹
676 3929 677 3936 ,
