2520 4566
577 275 618 340 35

111 481 316 574 navigationis
346 478 547 549 destinationi
582 486 726 569 iunctum
757 499 829 567 est,
869 484 1074 575 comprehen-

114 599 169 667 dat
192 600 253 691 (1)

153 719 191 784 si
215 734 320 784 autem
354 733 466 785 contra
498 717 550 802 id,
584 717 670 806 quod
698 716 914 785 demonstrare
945 737 1075 786 conatus

111 859 201 920 sum,
233 835 403 927 allegetur,
439 835 530 922 hujus
556 835 793 901 assecurationis
821 835 890 902 fieri
909 859 1001 926 posse
1021 838 1075 903 als-

113 976 203 1021 usum
225 952 267 1041 ad
287 951 493 1019 assecuranda
513 952 568 1018 illa
594 954 735 1040 objecta,
760 977 840 1042 quae
862 955 947 1045 Lege
967 957 1078 1045 prohi-

113 1073 248 1156 bentur,
272 1087 305 1138 et
335 1071 440 1160 qualia
468 1071 562 1137 ctiam
587 1073 729 1138 nuncin
755 1074 829 1139 Art.
858 1071 934 1160 599.
963 1074 998 1140 C.
1025 1075 1074 1141 M.

10 1275 13 1280 .
115 1204 303 1273 occurrunt,
333 1189 518 1279 praesertim
551 1189 578 1253 si
608 1204 720 1255 natura
752 1189 915 1257 commodi
947 1214 1015 1257 uon
1043 1192 1078 1257 in

104 1307 252 1374 clausula
280 1306 486 1397 exprimatur,
515 1307 583 1374 sinc
614 1306 715 1375 dubio
745 1310 838 1376 unice
867 1310 927 1376 erit
951 1331 1079 1400 respon·

113 1425 268 1508 dendum,
293 1448 437 1510 omnem,
458 1427 485 1490 si
508 1447 582 1493 vere
606 1425 705 1510 adsit,
730 1427 879 1511 abusum,
902 1450 967 1517 quo
991 1426 1077 1494 fraus

114 1545 190 1637 Legi
219 1545 291 1628 fiat,
322 1566 388 1610 esse
413 1544 641 1629 coercendum,
669 1544 726 1611 scd
754 1569 821 1612 uon
843 1569 936 1637 posse
965 1547 1079 1615 tollere

111 1636 223 1745 usum,
247 1662 301 1751 qui
318 1661 404 1727 salva
418 1660 503 1750 Lege
518 1661 588 1727 fieri
605 1661 714 1751 possit.
759 1661 882 1727 Abusus
903 1663 989 1728 enim
1007 1687 1080 1753 per·

111 1781 194 1849 tinet
213 1778 254 1844 ad
275 1778 491 1868 quaestionem
504 1776 582 1843 iacti
595 1776 808 1860 obvenientis,
831 1799 891 1842 nos
906 1792 1011 1843 autem
1025 1780 1080 1847 hic

116 1897 159 1964 de
177 1897 251 1963 lure
268 1896 397 1962 solliciti
417 1918 534 1962 sumus.
579 1895 621 1960 Et
639 1895 666 1960 si
686 1895 795 1986 negari
816 1917 882 1960 non
896 1895 996 1985 possit
1010 1919 1081 1962 nos·

10 2058 12 2062 -
112 2031 196 2082 tram
226 2015 488 2081 assecurationem
503 2012 595 2079 valde
611 2013 705 2078 lituae
721 2013 867 2079 usitatam
889 2011 1080 2079 Gallicarum

82 2168 86 2175 ·
114 2150 259 2223 tempore
286 2133 413 2222 legum,
447 2130 489 2197 ad
520 2131 785 2200 assecurationem
813 2131 911 2197 futuri
936 2130 1022 2196 nauli
1047 2145 1080 2197 et

114 2254 231 2344 sperati
258 2253 354 2335 lucri,
380 2265 467 2317 certe
492 2273 532 2316 ex
556 2264 719 2317 contemtu
747 2264 927 2315 exterarum
955 2249 1079 2340 legum,

114 2393 194 2460 quae
214 2384 395 2434 nostrorum
424 2367 588 2459 principiis
620 2383 686 2433 tarn
718 2364 774 2431 diu
803 2364 943 2431 admissis
967 2365 1079 2432 adver·

113 2490 278 2571 sabantur,
301 2486 389 2552 nulla
411 2501 518 2577 potest
537 2485 620 2550 trahi
643 2483 805 2552 conclusio
827 2483 869 2550 ad
885 2484 950 2550 vim
967 2485 1079 2551 melio·

114 2607 200 2672 sibus
224 2605 352 2693 istisque
377 2603 494 2670 nostris
517 2603 639 2694 legibus
663 2601 870 2670 inferendam.
914 2604 1080 2673 Caesenam

112 2722 154 2790 de
179 2722 236 2788 tali
269 2722 301 2787 ri
333 2736 500 2789 contractu
536 2744 604 2787 nou
629 2720 848 2810 promovenda
871 2744 948 2788 mox
974 2721 1077 2789 adhuc

110 2839 263 2907 dicemus.

117 2995 120 3001 ·
154 2959 335 3049 Expurgata
359 2957 444 3023 enim
469 2959 535 3044 jam
560 2957 633 3022 satis
656 2956 698 3023 ab
722 2957 811 3022 omni
837 2954 934 3021 dubio
953 2953 1078 3020 ridetur

110 3094 239 3144 nostrae
265 3075 503 3142 assecurationis
528 3074 708 3141 substantia.
753 3074 898 3162 Namque
927 3071 967 3139 de
996 3073 1078 3163 peri·

14 3281 16 3284 Α
109 3194 186 3263 culo
203 3191 373 3273 metuendo
392 3190 481 3258 etde
498 3189 605 3256 damni
620 3191 910 3260 resarcitionenon
928 3189 1075 3278 estquod

108 3309 164 3377 hic
184 3307 343 3391 dicamus,
367 3330 464 3397 quum
489 3322 598 3397 aperte
618 3330 659 3374 ex
681 3306 818 3373 clausula
838 3307 873 3372 in
895 3304 1079 3373 conditione

140 3582 183 3654 (l)
202 3581 300 3635 uadem
314 3583 411 3634 rationo
426 3579 558 3634 communi
571 3596 620 3643 usn
634 3588 734 3649 mospta
747 3588 786 3631 sst
800 3579 950 3631 assecuratio
964 3595 1018 3632 uon
1030 3592 1079 3631 oa-

178 3663 180 3667 ’
204 3666 285 3718 rantis
299 3665 385 3718 ouans
406 3663 599 3734 (scotusaeis),
618 3680 669 3732 qua
685 3680 778 3716 uarsm
792 3663 821 3716 iu
834 3673 909 3733 portu
925 3663 1080 3716 destinatio·

202 3750 245 3801 uis
270 3764 335 3800 onus
362 3757 534 3821 exspectatum
558 3748 718 3799 inventuram
739 3745 921 3811 confirmatur,
949 3745 1078 3815 (aaaron

204 3838 265 3885 tom.
282 3835 309 3883 5.
323 3849 352 3900 p.
367 3831 424 3899 st.)
443 3840 518 3898 atqua
535 3830 701 3896 assecuratio,
720 3831 928 3882 axonsrationsm
943 3847 996 3882 non
1015 3847 1081 3902 pro·

200 3913 330 3998 hibitions
344 3914 495 3983 impeditam
509 3913 560 3979 iri,
580 3925 694 3966 sarton
711 3917 774 3967 tom.
790 3916 818 3967 5.
831 3930 861 3983 p.
878 3914 938 3967 sot.

920 4010 967 4075 3,
