2520 4566
662 288 702 353 28

191 500 271 566 locis
288 501 445 588 sequitur,
463 521 559 586 quum
579 498 644 562 mm
665 497 742 587 legis
757 495 962 562 mandentis
985 519 1160 585 numquam

194 618 275 683 ultra
297 620 363 704 ejus
383 617 580 706 propositum
601 611 769 681 extendere
790 614 896 681 liceat.

238 734 345 816 Quum
360 735 455 825 igitur
472 735 576 824 primo
596 732 671 798 loco
695 730 736 797 ad
753 733 957 798 substantiam
975 747 1158 798 cononatus

194 854 235 919 sit
251 852 496 943 respiciendum,
521 874 600 938 quae
624 850 772 937 obiecto,
796 848 987 934 commodo,
1012 849 1159 960 pericqu

194 989 287 1060 atque
306 971 413 1037 damni
434 971 636 1036 emanatione
656 985 794 1053 constat,
813 969 915 1060 gravis
932 969 987 1035 illa
1006 968 1084 1034 mihi
1102 991 1158 1035 oc·

196 1091 295 1156 currit
316 1088 514 1170 observatio,
537 1088 617 1152 sitne
642 1089 721 1152 haec
747 1087 849 1152 salvae
874 1087 1081 1179 navigationis
1110 1109 1158 1153 as·

191 1208 348 1274 securatio
374 1206 457 1271 illius
483 1220 662 1270 contractus
686 1207 816 1271 nornine
843 1204 957 1296 digna,
986 1228 1026 1269 an
1051 1205 1158 1295 potius

194 1325 323 1416 sponsio
344 1321 612 1414 (weddingsclap)
632 1321 791 1405 vocanda,
812 1337 846 1388 et
871 1339 1031 1411 tamquam
1049 1323 1158 1413 prohi-

195 1445 261 1510 bita
286 1443 372 1507 omni
393 1442 471 1529 juris
492 1441 608 1505 auxilio
630 1439 799 1506 destituta?

241 1559 355 1626 Verum
376 1557 502 1648 quidem
516 1574 579 1640 est,
599 1557 782 1646 sponsiones
801 1573 868 1622 tum
881 1557 1072 1648 generatim,
1090 1572 1159 1622 tum

194 1680 230 1742 in
250 1679 317 1768 ipsa
335 1677 466 1742 materia
487 1675 771 1758 assecurationum,
795 1698 874 1765 quae
896 1677 951 1742 sua
966 1675 1033 1764 ipsa
1046 1690 1160 1741 natura

196 1797 355 1888 pertinent
384 1794 425 1860 ad
453 1810 634 1860 contractus
657 1793 840 1877 aleatorios,
865 1815 1000 1881 quorum
1027 1771 1160 1858 effectius

195 1916 320 2005 penitus
344 1913 384 1979 ab
417 1913 541 1977 incerto
566 1908 707 2001 pendent
731 1933 804 1976 casu
831 1909 894 1998 (r),
918 1932 983 1974 non
1006 1902 1073 1974 esse
1097 1908 1160 1974 illi·

198 2032 292 2112 citas,
320 2030 380 2094 nisi
408 2052 427 2093 a
454 2029 523 2118 lege
550 2028 593 2093 ob
620 2028 764 2116 politicas
793 2029 930 2094 rationes
963 2029 1026 2094 siut
1050 2028 1163 2130 prohi-

195 2149 281 2214 bitae
298 2145 357 2236 (a).
400 2144 512 2233 Neque
532 2144 635 2209 minus
659 2159 781 2226 certum
802 2161 866 2227 est,
886 2142 1020 2229 Codices
1036 2159 1164 2210 nostros

200 2329 541 2351 --—-·--··

231 2433 274 2504 (1)
293 2432 336 2487 ct.
353 2435 416 2488 Ari.
434 2435 512 2488 1811.
532 2432 561 2486 G.
582 2431 610 2484 θ.
628 2430 665 2485 Ν.
682 2440 709 2484 et
726 2433 790 2487 Ari.
808 2433 886 2486 1964.
907 2435 936 2488 G.
953 2435 1004 2488 rr.

229 2517 272 2589 (2)
290 2516 328 2569 lle
350 2534 381 2569 eo
401 2533 492 2568 omues
511 2517 645 2585 scriptores
664 2515 837 2579 conveniunt,
868 2525 944 2584 atque
973 2516 1028 2586 legi
1053 2528 1169 2573 mereins

292 2607 424 2652 autarcen
449 2601 489 2652 cir.
504 2603 530 2652 1.
548 2604 607 2651 nat.
620 2601 648 2651 2.
663 2598 679 2664 5
694 2601 738 2668 1.,
758 2598 803 2649 ubi
823 2608 910 2650 tamen
928 2600 996 2653 male
1014 2617 1048 2654 ex
1069 2601 1170 2655 hma-

173 2725 175 2728 ⁴
289 2701 381 2736 norum
395 2683 572 2753 stipulatione:
592 2682 907 2749 »darespondessinavis
919 2683 1168 2736 aAssAoooerstr’

291 2769 326 2819 L.
350 2768 443 2820 611..
467 2768 527 2821 129.
549 2767 579 2818 de
602 2767 636 2818 V.
661 2766 693 2817 0.
709 2764 856 2830 concludit,
875 2766 907 2818 ab
928 2765 983 2818 illis
1001 2770 1170 2837 sponsionem

288 2868 337 2921 por
347 2851 449 2902 oudam
464 2852 663 2903 assecurationis
676 2848 813 2900 admissam
827 2849 915 2902 fuisse.
938 2850 1081 2904 Videantnr
1092 2869 1170 2923 porro

291 2949 418 2988 mesum
436 2941 497 2986 tom.
512 2938 538 2987 1.
551 2952 581 3003 p.
596 2936 646 2986 119
666 2931 786 3008 (london
799 2934 896 3003 1808):
933 2934 1030 3007 »They
1049 2954 1092 2989 are
1106 2939 1170 3008 only

292 3016 423 3069 »deemed
438 3016 525 3086 illegal
539 3015 625 3068 where
640 3015 702 3084 they
714 3032 755 3067 are
764 3015 954 3088 prohibitedby
963 3029 1071 3085 statmo,
1087 3020 1165 3075 etc.’'

291 3101 363 3153 Panr
377 3101 416 3152 cia.
430 3101 473 3152 11.
488 3101 584 3167 poss,
602 3098 711 3167 (term
728 3113 843 3151 naraon
856 3104 874 3154 1
888 3103 939 3154 Ti.
950 3119 981 3170 p.
994 3105 1074 3168 289„
1094 3109 1172 3157 roras

293 3188 311 3238 1
335 3183 385 3234 Ti.
404 3200 434 3251 p.
459 3182 502 3233 69.
537 3181 600 3235 Inde
623 3179 823 3251 explicandum,
849 3182 919 3251 quod
939 3185 1079 3254 permissae
1099 3195 1174 3237 erent

292 3262 419 3332 Neapoli,
445 3262 606 3325 Florentiae,
631 3269 762 3314 uincor
782 3263 808 3315 1.
828 3264 865 3329 t,
884 3266 913 3316 in
935 3264 1065 3331 Toscana,
1090 3277 1169 3337 atque

293 3344 460 3414 Portugalliae
475 3360 571 3414 regno,
584 3359 700 3396 aaaron
718 3347 798 3398 1Τ1ι.
810 3347 925 3414 aare„
939 3358 1016 3418 atque
1029 3350 1058 3400 in
1073 3349 1171 3418 Angli·

293 3440 408 3499 respectu
421 3431 574 3500 piratarum,
588 3438 663 3497 atque
678 3439 820 3483 exteramm
833 3430 962 3497 Narium,
977 3434 1095 3501 quamvis
1107 3450 1172 3486 oae-

292 3524 375 3566 terum
386 3512 540 3582 prohibitae.
564 3511 596 3562 ln
610 3512 726 3564 Ameriae
739 3511 939 3581 septentrionali
954 3515 1096 3583 permissae
1111 3527 1173 3568 sunt

294 3595 454 3665 Newjorkii,
476 3605 501 3646 at
514 3593 658 3666 prohibitae
671 3594 874 3661 llassachusetii,
888 3603 964 3649 riuus
978 3601 996 3651 1
1011 3599 1062 3651 Tir.
1072 3601 1176 3668 pent.

292 3680 324 3734 In
343 3679 458 3731 Boruuia
477 3678 677 3743 mercatoribus,
695 3688 770 3747 atque
784 3677 922 3749 llamburpi
942 3682 1083 3750 unicnique
1104 3698 1171 3752 per-

292 3765 386 3816 missae
407 3771 467 3814 sunt
486 3763 637 3831 sponsiones
657 3762 722 3814 ciros
743 3760 892 3814 adscensum
916 3772 942 3814 et
962 3763 1063 3834 lapsum
1090 3766 1170 3834 pretii

296 3847 439 3911 mercium,
458 3850 532 3897 route
550 3846 575 3897 d.
588 3847 608 3898 l.
619 3847 740 3915 ρ.116.,
758 3847 837 3911 111,
855 3864 920 3914 quas
933 3845 1066 3902 Gallorum
1079 3845 1172 3903 (lodex

294 3927 412 3998 poenalis
424 3928 488 3982 circa
500 3927 582 3987 debiti
596 3930 811 4000 publioipretium
818 3947 901 4000 poena
912 3935 1023 4000 coisset,
1037 3935 1101 3990 Art.
1108 3937 1170 3990 111.
