2520 4566
608 279 647 341 :tt

595 523 666 598 Si·

275 692 465 757 »limitatur
485 699 649 757 resarcitio
671 693 716 758 od
730 718 822 760 casus
845 697 985 788 impediti

537 809 723 877 adoneus?

76 1122 81 1126 .
188 1069 271 1136 Illud
294 1073 390 1137 etiam
411 1071 495 1137 inter
515 1075 606 1160 hujus
627 1076 863 1142 assecurationis
885 1077 1051 1168 singularia
1074 1080 1109 1144 in

144 1190 255 1280 primis
275 1187 499 1255 attendendum
519 1206 575 1256 est.
618 1191 748 1258 Nullum
766 1211 959 1259 assecurator
974 1197 1027 1260 hie
1044 1218 1109 1261 sns-

107 1375 110 1387 Ι
146 1308 225 1397 cipit
245 1308 442 1396 periculum,
467 1308 588 1373 nullum
605 1308 645 1373 ad
661 1333 732 1375 eum
747 1311 883 1399 pertinet
897 1310 1061 1397 damnum,
1082 1313 1109 1378 si

143 1428 231 1492 navis
253 1449 319 1490 non
346 1427 379 1491 vi
405 1430 525 1512 majore
557 1424 747 1516 impediatur
772 1427 961 1494 destinatum
990 1431 1108 1495 intrare

143 1560 283 1634 portum.
330 1543 439 1626 Casus,
455 1544 565 1630 quibus
581 1545 644 1612 hoc
658 1545 805 1634 impediri
821 1547 935 1635 possit,
948 1563 1108 1636 tamquam

146 1663 181 1728 in
203 1658 338 1750 catalogi
356 1661 461 1748 specie
476 1661 510 1724 in
532 1661 668 1725 clausula
690 1678 877 1745 occurrunt,
901 1686 1003 1751 neque
1023 1681 1121 1751 certe

147 1779 332 1868 quisquam,
362 1777 393 1841 vi
422 1777 534 1862 majori
563 1775 766 1859 tribuendus,
799 1778 929 1842 omissus
958 1794 1020 1862 est,
1050 1803 1111 1846 neo

146 1895 243 1962 etiam
261 1894 333 1976 ille,
358 1893 412 1981 qui
429 1892 537 1986 locum
558 1893 676 1959 habere
700 1891 856 1977 creditur,
878 1894 931 1958 ubi
950 1895 1053 1959 nullus
1070 1894 1111 1961 de

146 2035 226 2080 nave
248 2011 303 2076 diu
326 2011 454 2076 absente
473 2012 605 2076 nuncius
625 2013 665 2076 sit
681 2028 844 2101 receptus,
868 2015 957 2100 isque
980 2013 1114 2102 deficere

147 2129 300 2196 dicendus
315 2130 366 2194 sit.
401 2128 490 2193 Tunc
505 2127 546 2193 de
564 2152 638 2194 casu
653 2151 718 2195 non
732 2145 873 2214 constat,
888 2128 942 2194 sed
953 2129 1007 2195 ille
1018 2152 1113 2220 prae⁴

148 2249 326 2338 sumptione
345 2247 423 2333 juris
446 2245 628 2313 admittitur.
644 2246 702 2336 (ι).
748 2247 801 2313 Sic
828 2248 944 2329 etiam,
970 2248 1112 2336 quamvis

147 2367 188 2434 de
203 2367 331 2432 interitu
347 2381 486 2446 constet,
511 2364 567 2430 sed
585 2367 676 2451 hujus
694 2366 789 2454 ipsius
811 2381 917 2431 tamen
936 2389 1028 2433 causa
1045 2389 1111 2431 non

147 2486 189 2552 sit
210 2484 352 2574 cognita,
377 2505 465 2548 casus
490 2483 726 2548 assecurationis
747 2481 849 2566 adest,
875 2484 1024 2572 quoniam
1044 2507 1110 2549 non

150 2618 271 2668 tantum
294 2597 381 2689 quod
405 2622 423 2663 a
447 2598 628 2688 naufragio,
657 2616 803 2688 acaptu,
826 2623 845 2666 a
868 2601 1110 2685 confiscatione,

147 2717 352 2809 repetendum
377 2731 424 2781 est
447 2714 596 2780 adventus
625 2713 903 2802 impedimentum,
935 2716 990 2782 sed
1015 2721 1111 2783 etiam

148 2835 243 2919 illud,
267 2832 354 2923 quod
373 2833 500 2898 interitu
518 2833 602 2921 ipso,
621 2847 657 2896 ut
673 2833 764 2896 causa
779 2832 971 2916 sufficiente,
995 2834 1112 2923 absque

148 2952 304 3018 ulterioris
317 2948 420 3015 adhuc
435 2950 578 3027 interitus
591 2972 703 3014 causae
715 2951 956 3038 perquisitione,
973 2965 1111 3034 constat,

152 3067 384 3156 navigationem
402 3089 468 3129 non
484 3067 557 3130 sinit
569 3065 686 3130 salvam
706 3065 745 3130 ad
757 3065 853 3132 finem
864 3065 1006 3156 perduci.
1090 3046 1094 3053 ¹

194 3184 265 3273 Ipsa
288 3197 393 3246 autem
418 3183 507 3267 hujus
532 3181 686 3246 clausulae
708 3199 799 3271 parte
823 3205 933 3248 omnes
959 3182 1110 3265 Ananiae,

153 3303 218 3368 sive
244 3299 410 3390 propriae,
439 3298 503 3362 sive
524 3320 727 3381 communes,
752 3321 831 3385 quae
855 3298 1023 3364 adventum
1047 3321 1113 3363 non

150 3439 280 3511 prorsus
303 3413 496 3503 impediunt,
521 3414 562 3478 ab
587 3430 800 3514 assecuratore
829 3430 955 3479 manent
979 3414 1112 3482 alienae.
1201 3475 1204 3484 .

152 3537 265 3604 Nullae
282 3535 458 3621 impensae,
474 3531 579 3596 nullae
595 3529 782 3596 refectiones
797 3529 925 3596 adeum
941 3531 1112 3621 pertinent.

157 3675 477 3695 ...ι-...αμ--ι

185 3747 228 3820 (1)
248 3703 293 3800 ct'
312 3757 425 3795 sutton
446 3743 506 3793 tit.
523 3742 551 3793 8.
570 3758 601 3809 p.
622 3739 684 3794 cst.
705 3756 793 3809 seqq„
811 3756 877 3794 rtnx
897 3742 971 3810 clap.
991 3742 1018 3794 8.
1034 3759 1064 3810 p.
1084 3759 1119 3796 m.

248 3830 376 3884 505407.
393 3824 771 3893 (tontontttt.),1rtstt.
788 3824 1121 3890 c.tecomm.,1rt.6ot.

248 3916 310 3964 novi
328 3912 436 3964 Codicis.
