2520 4566
597 258 637 324 ll

133 468 338 559 judicandum
366 467 539 537 secundum
565 467 686 560 regulas
707 469 802 557 juris,
834 492 873 534 ex
902 471 974 535 Art.
1006 491 1100 557 1019.

140 589 175 655 C.
196 588 235 651 de
257 589 313 653 Pr.
344 587 379 653 C.
406 586 529 652 abunde
553 601 655 676 patet,
678 602 711 651 et
734 587 963 651 commentario
989 586 1103 651 Claris-

131 708 203 771 simi
231 709 334 771 cinna
360 705 479 794 optime
506 704 712 769 confirmatur
734 703 793 793 (1).
840 704 881 767 Et
905 704 969 768 lroc
998 704 1102 793 ipsum

134 825 228 890 etiam
251 825 285 887 in
309 839 451 888 nostrum
476 821 628 887 Codicem
654 822 776 886 transiit
796 820 857 910 (a),
882 844 977 908 quum
1003 823 1096 887 Ara.

134 941 210 1008 636.
238 941 272 1007 C.
307 940 347 1006 de
376 940 467 1006 modo
488 963 580 1029 proc.
616 940 681 1006 Cia.
713 936 836 1003 dicatur
859 939 995 1003 arbitros
1017 935 1101 1025 judi-

133 1061 217 1126 cium
247 1059 330 1124 ferre
358 1057 473 1124 debere
499 1056 672 1124 secundum
699 1055 834 1147 Regulas
858 1056 952 1144 juris,
976 1055 1037 1120 nisi
1063 1056 1101 1120 iis

134 1177 363 1266 compromisso
386 1175 518 1240 facultas
541 1173 616 1241 data
637 1175 677 1239 sit
697 1171 861 1262 judicandi
885 1172 1014 1239 utboni
1034 1180 1101 1238 viri

131 1295 300 1360 secundum
334 1301 533 1384 aequitatem.
584 1294 632 1358 Ita
665 1309 769 1358 autem
805 1314 855 1357 res
892 1314 958 1358 sese
990 1291 1100 1358 babet.

133 1411 217 1477 Nam
234 1411 503 1500 Compromissum
524 1411 569 1475 ita
589 1432 654 1475 esse
674 1407 956 1492 conscribendum,
974 1395 1010 1473 ut
1029 1410 1100 1499 ipso

134 1544 299 1594 contractu
318 1531 384 1616 jam
402 1545 529 1618 pactum
550 1544 614 1612 est,
635 1528 836 1593 manifestum
855 1543 912 1593 est.
958 1525 1021 1592 Hic
1042 1549 1098 1592 au·

131 1661 198 1713 tem
221 1661 287 1711 tum
311 1646 469 1733 antiquior
492 1645 627 1711 formula
650 1644 815 1709 arbitrium
841 1643 988 1709 bonorum
1010 1652 1098 1709 airo-

133 1788 201 1829 ram
222 1765 349 1829 invocat
372 1763 436 1853 (3),
470 1779 537 1828 tum
563 1764 658 1828 etiam
687 1785 771 1828 nova
798 1760 1097 1854 Amstelodamensis

130 1884 258 1973 insuper
286 1880 391 1965 addit,
421 1904 475 1947 eos
507 1882 675 1946 secundam
706 1890 893 1972 aequitatem
921 1903 987 1946 esse
1012 1878 1097 1968 judi·

131 2017 268 2067 caturos.
313 1999 437 2063 Diversi
466 1999 561 2089 igitur
584 2016 656 2063 sunt
683 2000 723 2064 ab
753 1997 877 2064 arbitris
904 1997 1092 2083 ordinariis,

86 2092 89 2102 .
132 2117 271 2205 alioquin
302 2114 475 2180 secundum
503 2114 645 2180 Polimae
675 2131 819 2181 tenorem
842 2116 925 2206 typis
957 2114 1098 2208 descrip-

130 2250 198 2300 tum
219 2233 263 2299 ad
282 2232 479 2322 quaestiones
500 2229 540 2297 de
564 2233 794 2298 assecuratione
817 2235 1022 2301 obvenientes
1047 2233 1096 2300 di·

131 2349 288 2421 rimendas
305 2347 522 2432 nominandis,
547 2350 686 2438 quamvis
701 2349 814 2416 modus
834 2373 888 2417 eos
908 2351 1095 2443 nominandi

131 2445 216 2533 idem
235 2469 287 2533 sit.
333 2468 439 2532 Exstat
457 2467 552 2562 igitur
570 2468 631 2532 hac
652 2467 788 2533 clausula
807 2492 895 2534 casus
913 2470 1094 2560 singularis,

129 2587 164 2651 in
191 2608 255 2675 quo
280 2585 344 2649 Lex
373 2585 441 2674 ipsa
464 2586 605 2673 permisit
632 2586 666 2650 i'n
694 2584 867 2673 judicando
896 2587 1012 2676 Legem
1036 2610 1092 2653 ne·

130 2705 265 2795 gligere:
311 2702 374 2766 »Ils
398 2718 535 2790 penvent
559 2702 638 2772 ,dans
665 2726 703 2769 ce
717 2703 818 2788 vcas,’'
845 2703 987 2803 (dicebat
1009 2727 1093 2788 nan·

130 2827 260 2907 nannai,
283 2821 471 2885 Tribunatbs
497 2836 619 2905 orator,
641 2822 777 2887 rationes
801 2844 960 2911 exponens
979 2822 1089 2912 Legis,

161 3071 205 3141 (1)
224 3071 275 3122 La
288 3069 352 3120 laia
364 3068 395 3119 de
413 3067 440 3118 ia
458 3067 603 3120 Proctdare
619 3068 699 3120 Civile
715 3073 776 3121 tom.
789 3070 816 3122 6.
827 3088 857 3139 p.
871 3072 932 3124 ili.
946 3071 984 3122 ad
992 3071 1020 3124 d.
1034 3073 1098 3126 Art.

164 3154 206 3223 (2)
225 3153 286 3205 vid.
302 3167 352 3205 ur
370 3165 420 3203 um
438 3165 536 3203 aarum
552 3152 696 3203 Haadtoelc
709 3172 739 3223 p.
755 3155 836 3221 653„
855 3157 920 3208 Not.
935 3157 965 3211 3.

164 3237 206 3308 (3)
224 3236 256 3289 ln
274 3252 332 3287 casu
353 3245 438 3286 autem
458 3253 472 3286 a
487 3233 691 3287 consultissimis
708 3251 835 3290 irrorata
848 3248 874 3290 et
889 3253 997 3291 onerans
1011 3238 1098 3292 deciso

222 3319 251 3372 hi
268 3317 390 3371 ordinarii
406 3317 494 3368 arbitri
508 3317 585 3369 fuisse
605 3318 732 3372 ridentur.
768 3320 808 3372 Ad
823 3321 902 3373 talem
915 3339 1003 3373 casum
1020 3323 1098 3375 etiarn

222 3404 349 3473 respicere
363 3418 455 3454 censeo
472 3400 696 3454 consultissimum
711 3419 817 3469 tranat,
833 3407 907 3474 cujus
921 3407 1098 3476 sagacissimae
1130 3437 1138 3448 ·

220 3497 295 3554 atque
317 3484 468 3536 utilissimae
493 3486 682 3540 observationes
704 3488 735 3539 ad
759 3487 882 3541 Codicem
898 3484 1096 3559 mercatoriam,

219 3567 355 3636 adjurante
371 3565 567 3618 Consultissimo
585 3583 607 3619 t.
621 3584 655 3621 rt.
669 3583 785 3623 tronum
802 3572 834 3622 ab
856 3589 887 3624 eo
906 3574 1026 3640 editum,
1046 3575 1099 3628 de·

220 3668 294 3705 mum
310 3658 367 3717 post
380 3649 548 3718 conscriptam
557 3651 614 3718 jam
631 3651 696 3704 bane
711 3653 916 3707 dissertationem
928 3655 1098 3725 prodierunt,

221 3735 307 3803 etqui
322 3734 351 3784 iu
365 3730 551 3784 introductione
567 3734 599 3786 ad
618 3736 721 3788 titulum
737 3739 766 3789 de
780 3743 970 3791 assecuratione
985 3759 1014 3810 p.
1027 3742 1098 3805 234,

223 3821 284 3871 235.
300 3827 354 3868 tum
370 3826 480 3868 noemam
499 3817 555 3885 ejus
573 3830 714 3872 contractus
727 3823 841 3890 speciem
857 3826 1024 3891 memorarit,
1042 3836 1098 3878 tuna

222 3900 331 3969 rigidam
350 3897 413 3949 Art.
430 3898 501 3949 254'.
518 3899 712 3967 adplicationem
730 3905 846 3959 sustinet.
