2520 4566
599 253 640 316 22

186 466 219 528 si
231 479 336 530 autem
349 486 435 528 casus
447 461 589 552 impediti
604 461 755 528 adventus
768 464 894 546 existat,
905 485 1007 552 eoque
1020 466 1105 530 salva

143 607 208 648 non
223 581 404 672 perficiatur
421 581 598 672 navigatio,
619 581 715 645 totitas
732 578 863 646 indicati
877 580 1041 647 commodi
1055 606 1105 650 re·

143 701 271 766 sarcitio
292 700 322 765 ei
342 697 509 764 incumbit.

186 818 257 907 Ipsa
272 817 367 906 igitur
381 817 441 880 hac
462 814 618 879 clausulae
631 828 722 903 parte
741 815 865 902 penitus
884 814 1016 880 diluitur
1033 815 1106 900 illa,

144 957 223 1022 quae
241 934 276 996 in
288 931 426 998 formula
435 931 577 996 Polizzae
592 931 673 1021 typis
689 929 845 1019 descripta
859 933 998 997 occurrit
1012 932 1109 1025 longa

100 1064 102 1069 '
145 1049 341 1118 enumeratio
356 1047 587 1137 periculorum,
609 1071 688 1136 quae
711 1048 745 1112 in
770 1045 929 1121 ordinaria
951 1071 1111 1122 mecum·

144 1171 232 1234 tione
247 1166 473 1256 suscipiuntur,
499 1182 592 1254 atque
612 1162 813 1230 solummodo
831 1178 868 1233 ut
889 1187 1000 1237 causae
1021 1166 1111 1241 dam·

144 1308 274 1368 norum,
295 1284 361 1349 sire
378 1285 442 1374 'pro
459 1297 568 1373 parte,
585 1283 650 1348 sive
670 1283 704 1347 in
728 1296 832 1351 totum
854 1283 1029 1357 commodo
1047 1285 1111 1357 im·

145 1403 346 1485 minantium,
368 1415 598 1491 proponuntur.

190 1520 263 1585 Alia
276 1520 372 1610 plane
389 1519 443 1584 bic
457 1534 505 1584 est
530 1517 767 1587 assecurationis
781 1518 894 1604 iacies,
916 1535 1010 1608 atque
1028 1522 1111 1593 nlius

147 1641 212 1724 ejus
227 1659 328 1704 casus.
373 1637 410 1702 in
428 1635 832 1707 ordinariawassecuratione
847 1637 997 1703 damnum
1005 1641 1111 1729 ipsum

146 1771 322 1846 spectatur,
347 1752 435 1844 quod
453 1756 519 1841 ejus
536 1753 663 1841 objecto
685 1753 831 1837 obvenit,
856 1756 983 1844 ejusque
1004 1754 1113 1830 damni

145 1896 248 1948 causa.
294 1873 331 1937 In
353 1886 461 1936 nostra
488 1887 612 1955 autem,
637 1893 717 1959 quae
738 1871 857 1939 salvam
879 1873 1113 1964 navigationem

146 1990 301 2079 protegit,
319 2012 388 2064 ,non
410 1987 450 2054 de
463 1989 554 2076 hujus
575 1987 713 2072 damnis,
737 1987 793 2055 sed
807 1988 850 2061 de
863 1991 965 2057 causis
984 1994 1112 2084 naviga·

146 2108 268 2171 tionem
293 2105 409 2171 salvam
439 2104 510 2169 iore
536 2104 780 2193 impedientibus
814 2106 925 2196 agitur.
972 2108 1112 2198 Impedi-

133 2239 256 2289 mento
282 2222 415 2288 fortuito
437 2222 605 2307 existente,
627 2245 667 2287 eo
692 2223 771 2318 ipso⁴
785 2223 991 2298 commodum
1009 2227 1114 2301 calm

148 2339 340 2429 navigationi
360 2351 538 2405 connexum
557 2337 711 2406 intutum
731 2338 930 2430 deperditum
952 2343 1110 2430 creditur,

150 2457 290 2546 quamvis
313 2455 353 2521 de
372 2458 441 2546 ipsa
460 2458 491 2522 vi
510 2457 584 2522 huic
602 2457 775 2523 commodo
795 2458 883 2524 illan
898 2483 963 2527 non
981 2462 1027 2527 ita
1038 2486 1114 2533 con·

149 2588 228 2656 stet,
249 2573 296 2636 uti
316 2574 351 2636 in
373 2572 532 2638 ordinaria
553 2574 634 2640 solet
655 2577 910 2652 assecuratione.⁸

193 2688 308 2771 Quoad
325 2692 407 2774 hanc
427 2707 532 2756 autem
551 2707 675 2781 partem
699 2693 853 2760 clausulae
874 2706 956 2767 nova
978 2695 1117 2770 formula

151 2807 450 2873 Amstelodamensis
478 2809 512 2874 in
543 2831 583 2874 eo
613 2807 737 2894 differt,
768 2809 854 2900 qnod
885 2815 1117 2902 praetermittat

58 2910 60 2915 ¹
135 2925 285 3014 ¹aliorum
304 2923 603 3013 impedimentorum
625 2929 913 3014 nomenclaturam,
937 2933 1030 3005 unios
1058 2956 1117 3005 no-

150 3042 272 3106 minans
295 3064 350 3125 ea,
374 3063 453 3130 quae
466 3063 485 3108 a
497 3042 667 3132 notffragio
678 3091 696 3127 ,.
712 3058 770 3117 aut
785 3046 879 3116 (iliter
890 3049 1053 3122 occidente
1065 3051 1118 3116 de·

142 3159 286 3248 sectione
308 3159 358 3225 vel
375 3167 502 3225 interitu
517 3168 584 3232 sint
600 3162 778 3254 repetendo.
824 3164 920 3237 Hisce
939 3182 1026 3234 certe
1045 3186 1116 3234 cae·

134 3290 219 3341 tera
241 3277 454 3342 continentur.

194 3395 238 3459 At
253 3394 390 3461 formula
402 3418 483 3459 nova
500 3396 595 3462 etiam
611 3389 829 3487 exceptionem
848 3399 1015 3485 indicavit,
1034 3425 1115 3491 quoe

135 3512 177 3597 'si
200 3512 312 3576 existat
334 3536 400 3578 non
422 3512 601 3602 permittet,
620 3529 656 3588 ut
673 3531 866 3590 assecurator
882 3517 992 3589 subeat
1007 3540 1116 3591 aarum

152 3625 322 3715 impeditae
338 3627 555 3717 navigationis.
601 3629 733 3694 Invocat
743 3632 828 3695 enim
839 3635 923 3700 Aret.
938 3638 1020 3722 249,
1038 3637 1115 3716 640.

152 3755 183 3807 et
195 3743 271 3822 641.
286 3752 357 3810 novi
376 3743 498 3809 Codicis
513 3755 704 3828 mercatorti,
719 3749 772 3836 qui
783 3767 878 3840 agunt
891 3751 931 3817 'de
947 3750 1064 3820 damno
1076 3779 1117 3821 ex

151 3863 283 3948 proprio
306 3861 353 3926 rei
384 3862 481 3944 vitio,
512 3863 562 3928 vel
589 3887 628 3929 ex
654 3867 719 3951 ejus
745 3866 856 3941 natura
879 3885 969 3954 orto,
990 3873 1056 3941 sive
1080 3875 1116 3938 in
