2520 4566
677 251 717 316 26

257 461 349 528 Hane
375 475 481 527 autem
504 459 601 527 fidem
626 475 659 526 et
681 481 765 527 nova
788 461 1091 531 Amctelodameaaia
1113 465 1178 529 ior·

213 579 297 646 mula
317 581 460 662 invocat,
480 577 537 644 aad
557 578 620 644 alia
638 579 771 645 ratione.
818 579 917 646 Tacet
939 578 981 648 de
1006 603 1083 646 casu
1108 603 1177 647 non

213 695 308 763 datae
333 721 353 763 a
378 697 498 788 legibm
521 696 691 781 libertatis,
714 699 912 787 utpotehoc
935 698 1084 766 auxilium
1108 723 1176 766 non

213 812 394 906 indigente,
405 832 459 881 aut
470 815 608 900 casibus,
620 838 699 903 quos
711 817 875 905 exprimit,
888 817 962 883 satis
973 833 1060 885 certe
1074 833 1175 888 tecto.

215 933 534 999 Attaaeecumtionem
551 933 680 998 honora
693 931 851 1022 praecidio
866 949 966 998 ratam
984 933 1055 999 iore
1068 928 1175 1022 jubet,

216 1053 313 1118 etiam
333 1052 390 1117 nbi
410 1051 465 1116 illa
490 1049 619 1117 Codicis
648 1051 828 1116 mercatorii
854 1051 1008 1134 articulis,
1031 1065 1087 1117 aut
1108 1051 1178 1119 aliia

215 1171 390 1253 contraria,
406 1186 463 1235 aut
479 1170 519 1235 iia
537 1169 697 1259 prohibita
716 1168 810 1235 foret.
853 1168 918 1235 [llic
940 1169 1080 1235 articulis
1098 1192 1177 1236 eon·

215 1287 732 1377 trahenteaexpresaeranuneiant.
776 1285 863 1352 lilim
873 1287 1178 1376 verbaitaquemul·

216 1405 360 1470 tolutim
383 1420 508 1496 patant,
532 1427 627 1495 qaum
645 1405 741 1470 verba
759 1405 904 1493 antiquae
925 1405 1091 1475 formulae.
1123 1407 1178 1474 De

214 1546 256 1590 eo
278 1525 411 1615 posthae
432 1523 562 1591 ulterius
579 1521 738 1614 agendum
760 1522 831 1588 erit.

659 1763 730 1845 87·

265 1994 361 2059 »Ideo
383 1993 520 2083 refertm
539 1992 586 2056 cd
603 1991 768 2058 arbitrium
791 1991 939 2057 bonorum
959 1999 1119 2075 virorum,

462 2173 465 2179 ,
494 2124 530 2176 ut
547 2133 700 2176 summum
713 2110 902 2198 judicium.”

260 2349 413 2416 Ultimum
432 2363 478 2412 est
495 2344 590 2414 atde
607 2367 649 2410 eo
669 2343 821 2414 dicnmtu.
866 2346 937 2413 Hac
957 2369 1072 2436 nempe
1093 2347 1180 2412 clau·

216 2466 303 2530 sulae
330 2480 420 2554 parte
444 2464 645 2530 renunciatur
672 2463 733 2550 juri
755 2462 972 2554 appellationis
1002 2465 1067 2530 sive
1097 2465 1180 2530 ulte-

213 2582 307 2648 rioris
330 2581 454 2669 judicii,
476 2580 562 2671 quod
588 2582 680 2647 aliter
710 2581 881 2647 secundum
907 2582 1053 2649 Potinae
1075 2585 1177 2649 verba

214 2703 297 2791 typis
324 2700 480 2790 descripta
505 2701 629 2789 utrique
659 2703 741 2792 parti
767 2701 932 2790 competit.
979 2701 1069 2784 Uni,
1093 2715 1177 2788 quae

215 2819 347 2903 dicitur,
372 2821 520 2884 instantia
542 2820 581 2885 lis
608 2836 655 2885 eat
680 2817 875 2903 dirimenda,
898 2835 932 2886 et
955 2820 1020 2884 hoc
1047 2817 1177 2907 quidem

212 2938 347 3003 arbitrio
373 2937 532 3002 bonorum
558 2938 709 3003 virorum.
755 2938 865 3003 Omnia
893 2937 934 3006 de
965 2961 1003 3004 ea
1032 2940 1175 3031 cognitio

214 3053 380 3121 ordinariis
398 3053 557 3141 judicibus
579 3054 728 3121 auferam.
774 3059 879 3144 Atque
903 3055 950 3151 id·
964 3055 1079 3124 dicitur
1102 3058 1174 3125 ideo

212 3174 297 3258 fieri,
317 3174 369 3239 vel
393 3197 463 3238 eam
490 3172 529 3237 ob
554 3150 870 3262 acuamnpqucniam
894 3174 929 3239 id
950 3151 1079 3265 pactum
1105 3191 1172 3258 eat,

213 3291 300 3380 quod
319 3291 521 3382 praecedenti
544 3299 562 3375 s
582 3293 835 3360 memoravimus.
880 3292 985 3360 Naxus
1005 3294 1060 3359 ille
1082 3316 1176 3385 prae·

213 3411 346 3476 termitti
366 3434 433 3476 non
454 3427 570 3500 puteat.

258 3530 362 3616 Atque
389 3529 435 3594 ita
457 3531 520 3595 hoc
550 3529 704 3595 clausulae
729 3529 1011 3614 commentariolo,
1042 3531 1115 3596 satis
1138 3546 1176 3596 nt

211 3669 388 3737 speramus,
409 3647 450 3713 de
472 3646 581 3713 indole
603 3663 696 3736 atque
717 3637 979 3716 determinatione
995 3651 1107 3737 hujus,
1125 3672 1174 3715 aa·

215 3767 417 3832 aecumtiouis
436 3764 580 3832 diximus.

501 3931 504 3937 '
596 3939 795 3974 «000¹—
