2520 4566
654 281 695 342 34

206 492 254 556 »si
280 489 340 555 elle
366 480 406 554 ne
431 487 532 553 l'e'toit
554 509 621 576 pas.
667 487 748 554 Rieu
771 485 847 552 dans
874 487 1081 577 l'operation,
1108 511 1171 577 que

206 630 307 674 »nous
318 629 439 673 venons
454 604 633 696 d'exposer,
651 606 730 671 n’est
744 603 829 671 donc
843 605 1002 672 contraire
1013 628 1073 670 aux
1081 605 1170 696 prin·

206 758 220 787 s
229 725 343 817 cipes.”
388 724 568 821 Praemium
583 739 690 789 tamen
703 746 769 789 non
784 723 889 813 pretio
906 725 1059 790 mercium
1074 726 1173 809 inest,

207 842 263 910 sed
286 840 442 908 indirecte
470 857 593 908 tentum
624 865 683 932 per
710 865 825 908 nexum
851 844 1032 908 contractis
1054 844 1174 932 princi·

207 961 287 1053 pelis
308 961 544 1027 assecurationis
563 960 592 1026 ei
610 958 745 1028 accedit.
790 959 854 1027 Sed
868 961 1013 1050 exemplo
1026 961 1090 1025 hoc
1105 983 1174 1026 non

205 1055 334 1171 prorsus
348 1100 429 1168 opus
437 1093 518 1162 erat,
530 1058 626 1167 quum
636 1079 705 1168 ipsa
716 1079 826 1169 regula
835 1081 918 1146 Art}
931 1078 1007 1160 334.
1019 1079 1054 1146 C.
1065 1081 1115 1146 M.
1130 1080 1172 1145 G.

203 1214 242 1264 ut
266 1194 502 1263 assecurationis
523 1197 649 1283 objecta
666 1194 811 1262 admittet
832 1218 899 1262 non
922 1212 1045 1262 tantum
1061 1217 1174 1262 omnes

206 1340 275 1400 res,
306 1311 547 1403 sed'praeteres
573 1335 668 1380 omne
693 1313 742 1398 id,
772 1313 859 1402 quod
886 1314 1040 1404 pecuniae
1067 1315 1174 1404 pretio

204 1432 362 1501 aestimari
383 1432 493 1523 possit.
539 1433 587 1497 Eo
608 1447 713 1498 autem
732 1433 828 1499 etiam
847 1431 948 1516 facta,
969 1431 1035 1498 sive
1052 1431 1173 1520 aliquid

203 1529 339 1634 sactum,
371 1564 426 1615 aut
450 1572 517 1623 nou
541 1549 663 1614 factum
687 1549 744 1633 iri,
778 1547 1005 1639 comprehendi
1033 1547 1171 1633 debere,

201 1671 230 1735 si
252 1669 293 1735 ab
318 1690 359 1734 eo
384 1665 589 1733 commodum
610 1666 768 1757 pendeat,
795 1667 994 1733 manifestum
1018 1683 1077 1734 est.
1122 1668 1173 1733 Ito

201 1786 328 1854 Clariss.
350 1807 520 1852 rsunsssus
534 1786 595 1853 N0.
616 1784 691 1866 584.
711 1786 806 1852 etiam
827 1785 881 1851 Jus
902 1783 1031 1874 aliquod
1050 1785 1172 1851 salvum

200 1904 290 1988 fore,
314 1919 408 1992 atque
432 1904 492 1970 Νθ.
520 1901 595 1990 593.
620 1904 757 1992 aliquem
779 1903 934 1971 solvendo
954 1902 1041 1988 fore,
1065 1917 1101 1968 ut
1123 1925 1173 1968 as·

200 2022 403 2089 secumtionis
424 2021 586 2108 objectum
611 2019 762 2088 admittit.

245 2139 321 2205 Non
344 2138 444 2230 magis
470 2138 566 2228 igitur
588 2153 624 2203 ut
651 2138 888 2204 assecurationis
912 2139 1076 2226 objectum
1101 2140 1174 2226 reji-

201 2255 313 2322 cienda
339 2270 387 2322 est
414 2256 498 2322 solra
521 2254 695 2346 navigatio,
717 2278 772 2321 seu
799 2255 887 2322 illam
908 2279 975 2322 non
999 2256 1033 2321 ri
1055 2258 1171 2345 majori

199 2370 386 2463 impeditam
416 2373 471 2455 iri,
499 2395 596 2461 quum
622 2373 686 2438 hoc
714 2372 749 2438 in
777 2388 898 2438 tautum
920 2374 1074 2463 pecuniae
1095 2397 1171 2464 pre·

186 2492 248 2573 ,tio
279 2488 435 2555 aestimari
453 2490 577 2579 possit,
609 2506 760 2579 quantum
793 2490 957 2556 commodi
983 2492 1024 2556 ab
1057 2514 1096 2557 ea
1118 2514 1171 2558 re·

198 2605 347 2698 pendeat.

245 2725 416 2813 Postquam
443 2738 548 2790 autem
567 2747 669 2791 novus
691 2723 800 2792 Codex
819 2723 1030 2791 Mercatorius
1053 2745 1172 2791 assecu-

202 2820 341 2910 retiones
364 2833 540 2909 extenderit
564 2841 719 2909 etiamad
741 2842 914 2909 commoda
936 2842 1062 2927 futura,
1084 2841 1171 2932 (Art.

206 2960 297 3051 593.)
313 2977 406 3049 atque
423 2961 566 3026 universe
579 2962 741 3026 statuerit:
769 2977 828 3025 »ut
850 2961 1089 3027 assecurationis
1116 2961 1174 3026 ob·

199 3083 340 3167 »jectum
358 3076 481 3143 admitti
503 3076 620 3144 debere
638 3102 735 3144 omne
750 3077 979 3163 commodum,
999 3077 1086 3167 quod
1097 3100 1171 3168 pos

199 3198 263 3262 »sit
282 3183 418 3287 pecunia
433 3195 604 3279 aestimari,
626 3197 770 3286 periculo
794 3197 971 3287 expositum
993 3197 1054 3280 sit,
1076 3211 1171 3285 atque

199 3315 335 3404 »alege
367 3336 434 3378 non
465 3313 678 3403 excipiatur,''
712 3314 842 3381 dubium
874 3315 996 3380 nullum
1028 3328 1172 3380 remanet
1243 3329 1246 3335 '

201 3432 287 3498 circa
309 3429 531 3514 commodum,
556 3429 642 3520 quod
666 3455 684 3496 a
706 3432 792 3498 facto
817 3432 868 3498 vel
891 3455 959 3497 non
980 3430 1067 3497 facto
1091 3453 1171 3519 quo·

199 3547 274 3614 dam
296 3536 426 3638 pendet.
472 3550 546 3614 Hoc
570 3550 656 3615 enim
682 3550 773 3640 Legis
801 3566 1026 3640 praeceptum,
1059 3550 1170 3636 objec-

199 3680 269 3730 tum
285 3681 378 3754 atque
397 3664 602 3732 commodum
624 3667 838 3752 confundens,
860 3692 902 3734 ne
925 3669 986 3734 alia
1007 3668 1171 3758 exceptio,

200 3805 296 3871 quam
319 3807 401 3872 quae
422 3784 478 3852 illo
502 3786 572 3875 ipso
598 3783 775 3870 indicetur,
799 3787 941 3852 invocari
963 3787 1080 3876 possit,
1105 3801 1171 3852 tem

130 3990 135 3994 ι
198 3900 263 3966 late
295 3917 395 3991 patet,
431 3919 467 3967 ut
494 3903 666 3971 certissime
699 3927 795 3973 omne
826 3903 1049 3991 commodum,
1082 3901 1170 3994 quod
