2520 4566
607 281 641 344 lli

141 491 214 558 lloo
227 494 258 557 ei
272 488 476 558 tribuendum.
488 487 628 573 videtur,
652 488 742 579 quod
754 488 939 578 plerumque
955 510 1100 557 commo·

145 608 222 675 dum
234 612 303 698 ipso
319 609 447 694 objecto
460 607 671 690 contineatur,
686 606 782 673 veluti
799 606 939 690 sinaris,
952 623 1011 673 aut.
1023 630 1106 675 mer·

145 751 196 795 ces
208 743 432 794 assacurentur.
479 725 541 792 Sed
558 726 613 791 ubi
630 742 683 790 aut
694 723 734 791 de
749 724 840 790 lucro
855 724 1029 813 sperando,
1051 741 1108 792 aut

144 844 185 911 de
208 845 443 911 assecurationis
467 844 609 933 praemio
632 843 693 909 alia
714 845 942 908 assecuratione
965 841 1105 925 tuendo,

145 978 199 1029 aut
216 962 256 1028 de
272 963 423 1028 similibus
436 963 554 1052 agitin,
578 960 722 1028 ducimur
735 959 776 1026 ad
791 959 1014 1058 commodum„
1032 983 1109 1026 cum

145 1083 273 1168 objecto
294 1103 471 1146 connexum
490 1078 616 1167 quidem
638 1095 691 1143 aut
710 1079 750 1143 ab
766 1101 806 1144 eo
829 1077 1026 1167 dependens,
1049 1077 1107 1145 sed

144 1214 250 1265 tamen
273 1199 314 1264 ab
337 1222 377 1264 eo
397 1195 648 1286 distinguendum
669 1219 700 1261 v.
723 1219 867 1261 srnrcu
885 1219 900 1260 1
920 1197 979 1261 ΤΙι.
994 1221 1033 1284 p.
1050 1201 1106 1278 24.

145 1331 179 1381 et
193 1315 279 1396 134..
313 1317 462 1380 Attamen
479 1314 573 1379 etiam
588 1313 650 1379 tale
663 1313 866 1379 commodum
877 1315 1109 1382 assecuratione
1156 1298 1158 1302 ,

144 1434 283 1521 objecti,
307 1431 347 1498 ad
358 1431 444 1522 quod
455 1433 498 1496 ita
508 1432 618 1497 referri
628 1432 744 1522 possit,
769 1430 896 1498 defendi
906 1446 1013 1521 potest
1027 1455 1106 1498 con·

143 1539 194 1616 tra
210 1550 351 1639 pericula
368 1545 475 1616 maris.

184 1667 267 1733 lllud
279 1673 408 1734 naturae
426 1683 459 1734 et
476 1685 576 1756 scopo
594 1681 775 1735 contractus
790 1668 922 1739 omnino
942 1667 1105 1733 convenit.

140 1786 182 1852 Et
207 1786 271 1852 boc
304 1801 366 1870 est,
400 1784 486 1874 quod
512 1786 709 1875 potissimum
732 1786 767 1850 in
785 1787 846 1851 hac
874 1783 1108 1851 assecuratione

141 1904 247 1970 sabae
272 1911 483 1992 navigationis
509 1901 715 1993 spectandum
739 1903 836 1969 venit.
883 1901 1110 1990 Quosque

140 2022 225 2086 enim
235 2020 276 2086 sit
290 2019 517 2103 commodum,
532 2017 619 2107 quod
629 2019 837 2112 qualicunque
854 2018 952 2087 modo
972 2044 992 2086 a
1007 2017 1109 2110 desig·

142 2139 208 2204 nati
227 2137 348 2202 itineris
372 2136 570 2201 absolutione
590 2134 786 2225 dependeat,
809 2136 889 2203 illud
905 2138 967 2202 hae
983 2159 1108 2207 mseru-

91 2269 93 2272 ⁴
141 2236 263 2322 ramae
285 2256 350 2346 ugr
375 2269 493 2344 potest.
543 2255 657 2320 nune
680 2255 776 2344 {gam
795 2254 891 2320 tuest
919 2254 1019 2321 mua
1038 2257 1107 2342 ejus

142 2373 283 2463 exempla
295 2395 494 2456 enumerare,
518 2388 612 2461 atque
622 2373 675 2438 hic
690 2372 824 2443 sufficias
837 2388 964 2442 notasse
977 2397 1105 2458 casum,

143 2512 237 2578 quem
261 2493 329 2576 jam
355 2513 451 2579 supra
474 2490 507 2554 in
533 2489 660 2579 Belgica
682 2489 818 2556 formula
839 2490 1021 2575 retulimus,
1049 2491 1109 2557 ubi

142 2606 345 2674 commodum
361 2624 431 2673 crat
449 2609 640 2697 praemium,
662 2607 748 2696 quod
763 2610 951 2698 promissum
967 2625 1055 2693 erat,
1078 2611 1108 2676 si

142 2726 354 2814 pyroscapha,
377 2739 450 2813 post
464 2728 529 2810 ejus
544 2723 713 2790 adventum
734 2727 769 2792 in
785 2725 893 2809 India,
919 2743 952 2793 et
965 2743 1107 2816 praeter·
1157 2800 1160 2804 ,

143 2841 237 2931 lapsis
256 2841 330 2908 dein
350 2841 535 2930 quibusdam
552 2844 729 2927 mensibus,
753 2868 787 2910 se
803 2846 911 2933 peritis
927 2846 1010 2912 bene
1029 2871 1109 2914 con-

142 2975 292 3025 structam
319 2960 481 3048 probaret.
536 2961 716 3027 Praemium
747 2962 842 3051 igitur
870 2986 973 3050 neque
1004 2966 1108 3033 valoti

143 3077 250 3162 naris,
275 3078 330 3166 qui
351 3078 446 3143 etiam
468 3093 552 3142 totus
569 3055 629 3143 alia
647 3072 876 3145 assecuratione
896 3096 998 3147 tectus
1022 3098 1107 3168 erat,

143 3194 262 3279 inerat,
285 3217 387 3283 neque
398 3195 458 3284 ipsi
474 3195 606 3260 omnino
625 3196 817 3287 navigationi
831 3212 917 3263 trans
935 3200 1109 3267 maresub·

144 3326 230 3396 crat,
255 3335 351 3400 quum
375 3313 470 3380 etiam
491 3311 649 3403 posterior
671 3336 742 3379 usus
757 3314 842 3380 foret
864 3315 1109 3405 exspectandus,

144 3444 282 3496 attamen
300 3432 416 3520 absque
431 3431 515 3498 salva
531 3433 730 3522 navigatione
747 3433 779 3497 in
795 3431 918 3499 Indiam
930 3434 1114 3501 nullatenus

146 3548 282 3613 obtineri
305 3564 446 3636 poterat,
471 3565 565 3637 atque
588 3549 633 3614 ita
656 3551 696 3615 ab
717 3573 753 3617 ea
776 3549 944 3640 pendebat.
982 3551 1111 3619 Eodem

147 3663 245 3730 modo
263 3688 388 3754 quoque
405 3666 513 3730 omnia
529 3665 588 3741 alia
604 3666 792 3751 commoda,
816 3668 882 3733 sive
902 3669 1017 3760 magis,
1041 3670 1110 3736 sire
1161 3648 1164 3654 Ι

147 3781 248 3846 minus
275 3780 394 3846 directe
414 3804 434 3846 a
457 3797 587 3871 peracto
610 3783 723 3848 itinere
747 3782 933 3873 pendentia,
950 3784 1108 3875 ¹quotidie

146 3913 252 3963 nostra
273 3898 501 3964 assecuratione
521 3896 669 3987 gaudent.
935 3890 937 3899 ἱ
