2520 4566
616 242 654 306 lo

148 459 278 550 possint.
326 453 444 522 Verum
460 451 587 543 quidem
601 469 661 535 est,
682 454 708 518 si
722 453 866 519 interitus
878 457 965 521 navis
976 456 1010 522 in
1023 481 1118 524 cursu

150 576 301 668 designati
318 574 439 640 itineris
458 573 629 655 obtineat,
643 595 749 637 casum
768 572 969 663 obligationis
993 598 1117 643 assecu

151 711 294 760 ratarum
305 694 448 776 existere3
460 690 516 757 sed
525 714 627 780 neque
640 705 716 756 tunc
726 691 816 757 valor
826 693 913 757 navis
925 693 1117 780 refunditur,

148 837 250 904 neque
278 812 318 877 ad
345 813 447 902 ipsum
475 809 565 874 illum
592 809 751 874 interitum
781 809 965 898 respicitur,
994 811 1055 876 nisi
1080 826 1116 877 ut

148 929 409 1020 impedimentum
423 927 631 1016 navigationis
643 925 684 990 ad
702 924 796 991 finem
814 949 910 1015 usquc
930 928 1035 993 salvae
1046 952 1118 1018 per·

148 1047 322 1114 ducendae.
368 1046 467 1111 Totus
484 1045 570 1109 navis
588 1043 678 1109 valor
699 1043 761 1109 alia
781 1046 1010 1111 assecuratione
1030 1069 1119 1114 corn·

148 1164 302 1256 prehendi
318 1178 424 1254 potest
443 1163 559 1251 absque
573 1185 628 1244 eo,
653 1160 739 1249 quod
756 1161 855 1228 altera
867 1162 958 1228 alteri
972 1164 1012 1228 sit
1025 1167 1117 1230 noci-

147 1300 237 1366 tura,
263 1282 403 1370 quamvis
428 1279 510 1346 duae
533 1281 776 1345 assecuratioucs
801 1303 862 1369 pro
888 1279 1003 1347 eodem
1028 1305 1117 1350 com·

149 1399 249 1468 modo
262 1422 328 1466 non
341 1400 462 1489 possint
474 1399 651 1464 subsistere.
697 1399 771 1463 Non
791 1400 875 1464 enim
887 1400 941 1464 bic
958 1398 1044 1465 idem
1059 1416 1116 1468 est.

149 1519 300 1601 Quinimo
317 1517 343 1582 si
362 1516 567 1582 commodum
585 1519 753 1581 assecurati
773 1539 883 1583 revera
904 1517 939 1583 in
959 1519 1027 1608 ipsa
1046 1521 1119 1585 navi

147 1635 315 1719 resideret,
337 1634 423 1725 quod
442 1637 563 1724 saepius
581 1634 716 1718 accidit,
740 1635 765 1698 si
780 1650 1025 1720 assecuratores,
1049 1660 1115 1702 non

150 1756 222 1822 satis
237 1755 325 1821 navis
337 1754 444 1819 virtuti
456 1752 604 1837 fidentes,
618 1767 650 1818 et
666 1753 839 1819 mariarum
851 1753 990 1842 sequelas
1000 1755 1115 1821 timen-

150 1891 215 1958 tes,
239 1871 294 1938 sed
307 1872 564 1962 probabilitatem
584 1870 752 1954 adventlls,
766 1886 839 1960 post
855 1870 971 1936 multos
984 1851 1117 1937 forsitan

151 2015 255 2074 casus,
276 1988 441 2055 obtinendi
456 2011 521 2053 non
535 2011 663 2079 prorsus
679 1990 873 2075 reJicientcs,
896 1990 979 2055 hanc
1003 1992 1119 2057 solum-
1154 2028 1158 2036 ·

148 2105 247 2174 modo
263 2107 527 2172 assecurationem
545 2106 651 2171 salvae
665 2115 876 2195 usurpationis
890 2106 971 2172 inire
983 2107 1112 2192 volunt,
1159 2175 1166 2190 ,

150 2243 182 2292 et
206 2242 282 2291 tunc
302 2226 397 2290 etiam
421 2247 487 2289 non
510 2225 579 2314 ipsa
602 2224 690 2289 navis
714 2240 891 2291 assecurata
913 2223 979 2290 dici
996 2241 1114 2317 potest.

150 2343 201 2409 Ob
223 2367 294 2409 eam
315 2365 439 2408 causam
458 2341 595 2431 speciale
615 2364 733 2406 nomen
752 2342 780 2407 ei
795 2340 903 2408 datum
926 2359 989 2427 est,
1013 2347 1117 2434 ipsum

151 2465 219 2548 ejus
232 2462 391 2547 objectum
406 2459 559 2525 indicans.
605 2458 687 2524 Illud
699 2461 795 2550 igitur
809 2461 987 2547 objectum,
1006 2479 1038 2528 et
1053 2463 1118 2529 boe

151 2594 237 2644 certe
250 2577 343 2671 valde
356 2578 528 2670 singulare,
553 2599 619 2642 non
631 2594 678 2642 est
691 2601 740 2642 res
754 2578 924 2666 quaedam,
941 2579 1119 2663 sedbrevera

150 2712 197 2763 est
208 2697 329 2762 factum
340 2695 486 2785 aliquod,
510 2697 631 2762 scilicet
640 2697 709 2786 ipsa
720 2699 877 2787 navigatio
890 2697 1118 2765 adiudicatum

149 2815 244 2882 finem
259 2814 419 2906 perducta.

192 2933 294 3024 Supra
312 2930 465 3017 vidimus,
485 2955 618 3014 novam,
633 2955 713 3021 quae
729 2933 958 3000 Amstelodami
975 2935 1008 3000 in
1027 2958 1118 3003 usum

149 3052 254 3136 venit,
281 3050 452 3117 formulam
478 3051 561 3116 hanc
584 3052 847 3117 assecurationem
870 3052 988 3118 factam
1009 3052 1117 3121 dicere

149 3179 183 3236 in
195 3170 314 3238 saltum
328 3169 505 3236 adventum.
551 3170 593 3234 Et
607 3184 692 3235 certe
703 3170 860 3261 navigatio
872 3171 957 3260 ipsa,
979 3171 1118 3236 insensu

142 3305 269 3354 nostrae
287 3288 542 3372 assecurationis,
566 3288 649 3353 salva
661 3287 725 3352 dici
738 3290 865 3376 nequit,
889 3289 948 3353 nisi
966 3286 1118 3354 adventus

148 3405 301 3483 inlocum
315 3405 506 3471 destinatum
517 3404 608 3471 adsit.
652 3405 813 3471 Adventus
828 3406 924 3497 igitur
934 3405 1035 3472 videri
1046 3429 1119 3496 pos·

148 3525 189 3590 sit
207 3527 369 3612 objectum
393 3525 646 3607 assecurationis,
669 3525 727 3589 nisi
750 3524 814 3588 dici
834 3542 957 3614 posset,
981 3526 1037 3590 ubi
1062 3524 1118 3591 ad·

150 3657 262 3707 ventus
273 3642 381 3708 locum
392 3643 523 3726 habeat,
545 3643 591 3708 ibi
602 3642 694 3708 finire
708 3644 991 3726 assecurationem,
1007 3658 1121 3709 oontra

151 3775 255 3825 autem
268 3761 501 3851 navigationem
515 3759 628 3826 durare
644 3783 741 3849 usque
758 3759 799 3824 ad
814 3759 1001 3843 adventum,
1017 3782 1119 3848 eoque

148 3878 218 3967 ipso
240 3877 357 3945 salvam
373 3877 519 3947 evadere.
564 3880 602 3944 In
624 3879 699 3945 loco
720 3895 825 3945 tamen
848 3902 1001 3947 annnoxrr
1024 3901 1120 3969 supra
