2520 4566
643 260 684 327 38

189 476 280 560 hujus
309 474 540 554 accusationis,
573 486 684 560 utpote
710 476 806 537 verae
838 473 1055 566 exceptionis,
1091 473 1158 536 sive

189 588 404 680 jusjurandum
429 604 608 655 assecurato
628 588 819 674 deferendo,
842 588 907 655 aire
927 589 990 655 alio
1006 609 1157 678 quocum·

195 732 257 797 que
278 706 389 774 modo.
975 683 978 690 Ι

235 824 535 892 Amstelodamensis
561 824 718 891 formulae
741 823 1008 907 additamentum,
1032 846 1096 911 quo
1116 845 1162 888 as·

193 958 354 1009 accurator
367 965 435 1009 sese
450 943 577 1032 insuper
591 942 709 1009 referat
730 941 771 1009 ad
787 965 882 1007 omne
902 941 954 1025 id,
975 939 1062 1030 quod
1078 963 1160 1005 asse·

192 1078 317 1129 curatus
341 1077 468 1152 praeter
487 1061 588 1151 ipsam
610 1060 769 1127 Polizaam
792 1062 878 1126 bona
900 1058 963 1125 fide
982 1057 1161 1151 producere

175 1181 309 1289 possit,
332 1201 400 1244 sese
420 1202 505 1244 nunc
527 1181 631 1269 ipsum
653 1177 809 1247 defendit.

235 1299 309 1363 Hoc
321 1297 429 1385 itaque
443 1314 573 1387 pactum
583 1313 741 1364 estonum
756 1296 864 1380 exiis,
879 1294 920 1361 de
937 1297 1049 1384 quibus
1060 1295 1161 1385 Leges

194 1417 282 1505 ipsae
309 1413 548 1505 praeviderunt,
570 1437 663 1504 posse
684 1438 722 1480 ea
744 1415 827 1480 inter
847 1430 952 1504 partes
967 1413 1160 1494 conveniri,

195 1549 288 1621 atque
309 1532 453 1598 Polizuae
467 1532 575 1598 inseri.
602 1531 668 1598 vid.
686 1534 761 1600 Art.
780 1531 856 1599 332.
878 1539 913 1596 in
922 1532 959 1622 f.
977 1531 1012 1598 C.
1033 1533 1083 1598 M.
1102 1531 1161 1612 G„

194 1653 266 1717 Art.
292 1648 368 1717 256.
386 1651 443 1717 No.
464 1651 497 1717 8.
524 1650 560 1717 0.
581 1651 630 1715 M.
652 1651 711 1717 Ν..
756 1651 856 1715 Recte
878 1647 920 1715 de
942 1649 1058 1714 talibus
1081 1645 1163 1714 dixit

194 1791 365 1834 rnnnnssus
385 1767 441 1834 N⁰.
465 1771 560 1858 774:
607 1768 684 1834 »Les
709 1767 827 1834 clauses
848 1783 922 1833 sont
939 1765 1164 1834 abandonnies

194 1890 236 1950 »ὲ
256 1885 288 1950 la
309 1884 423 1950 liberte
444 1883 499 1951 des
521 1885 744 1969 conventions3
768 1886 844 1950 elles
861 1883 990 1951 doivent
1006 1883 1075 1951 &tre
1089 1907 1163 1951 exe-

193 2033 208 2061 »
220 2003 326 2068 cute'es
346 2001 423 2068 dans
443 2001 476 2067 la
494 2003 619 2092 rigueur
635 2000 676 2069 de
691 2003 776 2068 leurs
792 2001 1008 2092 expressions,
1026 2017 1059 2068 et
1072 2016 1163 2068 toute

193 2119 458 2210 ‚interpretation
476 2119 640 2185 arbitraire
660 2118 730 2184 doit
752 2119 821 2186 etro
838 2118 979 2186 d’autant
1000 2119 1071 2209 plus
1085 2118 1163 2184 eloi·

193 2270 208 2297 ι
218 2238 324 2330 gne'e',
338 2237 413 2326 qn’il
433 2237 526 2327 s'agit
542 2235 620 2302 d'un
640 2253 766 2304 contrat
783 2237 954 2322 oleatoire,
978 2236 1023 2303 oti
1041 2238 1073 2303 la
1088 2237 1163 2328 pius

195 2356 323 2447 »legire
346 2355 566 2421 modification
586 2357 733 2447 pourroit
756 2354 895 2449 changer
912 2357 945 2422 lo
967 2379 1079 2439 cause,
1105 2355 1160 2444 qni

196 2472 325 2537 nauroit
351 2472 529 2539 determine
564 2473 596 2539 la
624 2474 758 2541 volonte
786 2473 843 2541 des
870 2474 987 2565 parties
1012 2489 1160 2540 contrac-

196 2588 353 2657 »tontes.'’

240 2706 293 2771 An
317 2721 422 2772 autem
451 2706 539 2773 hisce
564 2709 666 2798 pactis
694 2710 791 2776 etiam
819 2707 1092 2776 annumerandum
1119 2711 1163 2776 sit

193 2821 289 2907 illud,
310 2836 347 2888 ut
368 2824 455 2914 quod
480 2839 620 2891 servetur
645 2850 710 2892 non
740 2827 833 2893 cedat
853 2835 1082 2912 assecurotort',
1104 2825 1162 2893 sed

194 2956 389 3025 assecurato,
416 2943 555 3029 quamvis
582 2943 616 3007 in
639 2944 797 3034 integrum
818 2945 983 3028 restituto,
1006 2945 1161 3034 relinqua

193 3075 265 3142 tur,
287 3058 386 3148 magis
412 3057 543 3125 dubium
569 3059 707 3129 videtur.
752 3062 812 3129 Illo
837 3066 940 3146 enim,
964 3063 990 3128 si
1015 3064 1161 3152 proposi·

192 3190 260 3239 tum
283 3175 430 3264 attingat,
454 3174 489 3240 id
513 3178 581 3267 agi,
604 3192 641 3242 ut
660 3196 852 3246 assecuratus
874 3181 1032 3265 lucretur,
1048 3196 1080 3246 et
1096 3181 1161 3246 hoo

192 3293 392 3384 propositum
421 3295 585 3362 manifeste
612 3296 785 3382 declarari,
815 3321 912 3364 nemo
938 3297 1061 3364 inficias
1088 3298 1158 3365 ibit.

194 3409 269 3476 Hoc
292 3426 398 3477 autern
426 3413 487 3502 ipsi
516 3416 752 3481 assecurationis
784 3431 938 3500 naturae,
971 3416 1088 3506 quippe
1118 3413 1160 3481 ad

191 3528 425 3595 resarciendum
450 3546 574 3598 tantum
605 3531 753 3600 danmurn
780 3549 1003 3626 comparatae,
1037 3532 1158 3599 directe
1184 3508 1186 3512 Α

191 3644 381 3714 adversatur.
427 3649 462 3714 Si
490 3651 603 3741 igitur,
632 3651 719 3741 quod
746 3652 897 3738 sentiam,
922 3650 1028 3719 dicere
1043 3651 1156 3736 liceat,

189 3762 253 3828 hoc
275 3781 403 3854 pactum
423 3784 460 3833 ut
480 3768 654 3836 invalidum
678 3771 926 3856 considerarem,
945 3785 1061 3879 'utpote
1083 3793 1158 3836 cau·

190 3902 256 3946 sam
279 3881 360 3972 legi,
392 3907 472 3973 quae
495 3902 640 3965 naturam
668 3889 904 3956 assecurationis
930 3885 1058 3974 definit,
1082 3910 1156 3953 con·
