2520 4566
685 238 705 302 8

257 451 288 516 A
306 450 404 540 longo
423 448 497 514 inde
514 463 658 538 tempore
677 450 756 515 haec
781 449 918 516 clausula
938 467 1005 515 tam
1018 450 1177 518 Amstelo·

215 569 299 635 dami
321 592 413 657 quam
429 566 653 650 Roterodami,
678 567 789 633 iisdem
812 567 879 633 fere
903 569 1008 633 verbis
1029 569 1178 634 enuncia·

214 687 324 770 batur,
348 688 392 751 ita
413 702 448 750 ut
469 702 542 775 post
565 687 747 768 assecurati,
766 702 797 752 et
814 687 950 771 itineris,
973 703 1005 752 et
1022 688 1123 770 navis,
1146 703 1179 752 et

214 805 367 895 magistri,
395 819 427 869 et
454 826 594 868 summae
616 805 828 888 mentionem,
856 805 1017 892 sequentia
1041 806 1177 870 interca·
1241 883 1247 896 .

211 923 369 988 larentur:

257 1041 328 1106 »Fit
352 1043 431 1106 haee
455 1040 644 1135 assecuratio
672 1056 784 1105 contra
813 1041 919 1106 omnia
950 1040 1110 1130 pericula,
1144 1042 1180 1104 in

211 1159 349 1224 »salvam
367 1159 598 1248 navigationem
613 1194 696 1206 —-
712 1180 805 1247 supra
825 1157 929 1224 dictae
945 1159 1048 1242 navis,
1067 1173 1179 1247 estque

211 1291 344 1341 »exorta
360 1299 399 1341 ex
420 1312 507 1328 --
530 1275 595 1365 (ι),
620 1277 660 1342 ab
678 1292 809 1364 utraque
825 1292 915 1367 parte
928 1277 996 1341 sine
1012 1290 1176 1359 restomo,

208 1411 264 1460 »et
288 1394 445 1460 solvemus
471 1394 621 1461 damnum
647 1396 681 1459 in
707 1395 854 1460 omnibus
882 1395 1020 1477 casibus,
1044 1393 1177 1484 perinde

209 1511 397 1601 ‚quomodo
423 1528 455 1577 et
474 1535 495 1577 a
507 1535 569 1600 quo
592 1513 631 1576 sit
650 1510 788 1596 illatum,
809 1513 873 1577 sive
894 1529 1005 1602 captu,
1026 1511 1178 1578 confisca-

210 1632 337 1715 »tione,
354 1630 549 1714 defectione,
573 1630 757 1720 naufragio,
778 1630 948 1714 incendio,
973 1631 1180 1720 improbatio·

210 1771 286 1831 »ne,
310 1749 456 1831 interitu,
484 1762 539 1812 aut
564 1747 710 1813 omnibus
737 1746 804 1811 aliis
830 1746 1074 1831 calamitatibus,
1096 1769 1177 1834 quae

209 1867 350 1932 »salvum
379 1865 549 1932 adventum
576 1863 885 1954 supradictaenavis
911 1863 953 1956 ael
977 1863 1175 1954 praedictum
1229 1838 1234 1848 Ι

207 1983 419 2049 »destinatum
441 1982 549 2048 locum
568 1998 697 2072 possent
719 1980 892 2072 impedire,
917 1981 1012 2071 idque
1027 1982 1093 2048 sine
1108 1983 1174 2048 ulla

205 2101 438 2166 ‚reservatione
462 2114 516 2163 aut
532 2099 735 2188 exceptione3
760 2115 792 2163 et
813 2122 852 2164 ex
869 2101 1035 2191 proposito
1059 2124 1173 2166 renun-

205 2220 346 2283 »ciamus
368 2217 456 2281 omni
480 2217 527 2300 ei,
559 2215 645 2304 quod
672 2216 706 2281 in
731 2239 804 2282 casu
825 2216 932 2283 damni
947 2220 1095 2308 supersit,
1118 2234 1172 2284 aut

205 2351 387 2419 narretur,
418 2356 481 2422 quo
510 2356 682 2423 numquam
712 2335 873 2421 fruemur,
905 2336 961 2402 sed
990 2336 1096 2425 qnod,
1125 2338 1174 2402 uti

202 2433 338 2518 »diserte
363 2426 573 2534 declaramus,
595 2452 869 2527 unicebeneficio
895 2456 956 2521 erit
978 2458 1168 2540 assecurati,

203 2585 259 2634 net
285 2570 489 2634 convenimus
514 2570 555 2635 ab
578 2585 710 2659 utraque
731 2588 841 2661 parte,
866 2570 996 2657 diserte,
1014 2589 1047 2639 et
1062 2589 1098 2638 ut
1112 2575 1174 2639 viri

204 2690 350 2754 »honore
369 2686 528 2776 praediti,
553 2687 593 2754 de
613 2711 670 2773 eo,
695 2688 782 2777 quod
801 2692 880 2757 haec
901 2691 1089 2756 assecuratio
1110 2691 1171 2756 erit

203 2822 258 2877 ’et
282 2806 423 2872 manebit
443 2805 562 2890 valida,
585 2809 709 2872 tametsi
734 2807 775 2873 ad
798 2807 833 2873 id
854 2809 973 2899 Legum
992 2807 1113 2873 Codice
1134 2808 1170 2873 li·

203 2925 328 2989 »bertas
348 2928 416 2988 non
434 2922 539 3007 datur,
553 2947 647 3012 quam
661 2926 705 2991 ob
723 2949 864 3008 oausam,
889 2927 946 2991 suh
961 2949 1104 3015 expressa
1119 2950 1171 2991 cu·

204 3045 331 3130 »jusque
350 3041 583 3107 renuntiatione
609 3042 675 3106 Juri
697 3044 932 3133 appellationis,
961 3067 1071 3110 omnes
1095 3045 1167 3110 lites

201 3162 392 3248 »omniaque
410 3158 590 3224 discrimina
611 3161 773 3225 terminari
799 3160 916 3227 debent
934 3162 1085 3226 arbitratu
1104 3162 1166 3226 bo-

202 3299 335 3342 »nornm
357 3278 518 3361 virorum,
544 3277 600 3342 illo
624 3276 723 3343 modo
743 3278 1027 3362 nominandorum,
1054 3278 1108 3367 qui
1132 3279 1166 3343 in

201 3395 305 3484 »typis
326 3396 417 3481 hujus
438 3394 583 3460 Polizzae
605 3396 830 3462 memoratur.”

230 3631 272 3700 (1)
290 3631 343 3683 Hoc
361 3630 419 3684 loco
438 3632 620 3698 commodum,
640 3635 669 3686 in
689 3636 764 3704 cujus
785 3621 891 3705 gratiam
905 3639 1055 3690 assecuratio
1071 3638 1170 3704 initur,

290 3715 452 3782 dsmribitur,
467 3718 510 3770 vel
521 3718 618 3788 absque
633 3720 829 3790 ejusmentione
844 3720 938 3772 dicitur
953 3738 1008 3772 »ex
1022 3722 1172 3790 qualicum-

291 3815 364 3867 »que
378 3816 451 3853 causa
467 3802 632 3854 commodum
645 3805 779 3855 assecurati
795 3804 933 3856 oriundum
947 3807 990 3870 sit,
994 3840 1053 3858 ......
1063 3805 1170 3874 (waar-

291 3882 320 3931 in
335 3881 384 3934 ools
399 3884 439 3937 lut
456 3885 571 3938 Interest
585 3902 637 3937 aaa
651 3887 699 3938 dea
717 3886 921 3940 camararum
934 3903 1007 3953 mags
1023 3888 1139 3943 bostran.

88 4180 254 4288 Α
325 4330 329 4338 .
