2520 4566
677 280 696 336 (l

205 488 356 570 butione,
373 500 568 551 assecurator
583 507 655 550 eum
673 487 707 549 in
724 500 848 549 tantum
862 482 1044 548 indemnem
1055 497 1169 547 servet.

206 604 314 695 Scopo
326 619 505 669 contractus
515 605 710 669 contrarium
727 603 826 686 foret,
846 617 882 666 ut
893 616 1084 666 assecuratus
1096 597 1174 687 qnid

206 745 299 810 quam
318 721 504 787 lucraretur.
552 719 650 801 Quod
670 736 826 784 servatum
848 734 895 783 est
917 717 1071 806 competit
1090 738 1173 780 asse·

208 839 361 922 curatori,
382 839 439 903 ubi
459 839 485 903 is
510 840 607 903 totius
635 836 798 903 commodi
822 838 899 902 facit
920 837 1170 902 resarcitionem.

206 956 270 1020 Ubi
288 971 393 1020 autem
409 973 599 1020 assecuratus
619 955 726 1021 damni
744 955 983 1020 resarcitionem
1001 953 1100 1043 petit,
1121 975 1173 1017 re·

206 1074 356 1164 gulariter
372 1089 497 1138 tenetur
516 1075 668 1163 probare,
690 1076 723 1138 in
745 1089 896 1162 quantum
917 1088 1063 1161 tempore
1083 1071 1173 1136 casus

208 1190 413 1256 commodum
438 1207 648 1257 assecuratum
675 1214 786 1258 revera
813 1191 983 1274 exstiterit,
1016 1205 1110 1277 atque
1136 1189 1172 1253 in

207 1325 358 1396 quantum
373 1307 452 1373 illud
473 1308 624 1374 damnum
640 1311 680 1374 sit
693 1333 819 1399 passum
836 1332 874 1376 ex
885 1331 993 1391 causa,
1017 1330 1097 1395 quae
1113 1308 1171 1372 sub

207 1426 437 1490 assecuratione
454 1441 523 1490 erat
538 1428 776 1516 comprehensa.

252 1543 348 1625 Quod
370 1558 475 1609 autem
499 1545 612 1610 attinet
630 1544 671 1610 ad
694 1545 831 1610 formam
848 1543 910 1632 qus
928 1541 1173 1608 assecurationes

207 1661 359 1727 celebrari
386 1678 632 1745 consueverunt,
661 1659 928 1752 praemittendum
954 1662 1047 1725 unice
1072 1675 1171 1749 puto,

204 1777 240 1844 id
255 1780 398 1847 universe
419 1779 489 1845 lieri
504 1779 636 1847 Polizzis
652 1787 730 1869 typis
749 1780 932 1869 descripto,
949 1801 1029 1866 quae
1047 1800 1173 1866 semper

138 1990 146 1999 ·
206 1897 240 1964 in
257 1914 388 1987 promtu
406 1913 496 1980 sunt,
518 1912 613 1985 atque
633 1897 702 1963 illas
722 1898 887 1965 continent
901 1896 1098 1979 mentiones,
1115 1893 1172 1960 de·

209 2015 396 2081 clarationes
420 2030 452 2079 et
476 2016 656 2104 pactiones,
679 2038 758 2103 quae
785 2016 996 2097 necessariae,
1019 2029 1073 2079 aut
1095 2036 1173 2079 una·

178 2222 180 2228 ¹
205 2133 285 2198 nimi
301 2155 454 2198 consensu
465 2148 611 2222 receptae
626 2147 699 2201 sunt
711 2149 746 2199 ut
760 2133 926 2217 valiturae,
940 2147 1091 2222 quatenus
1104 2154 1174 2221 sps·

207 2250 280 2317 ciali
301 2266 397 2340 pacto
422 2273 489 2315 non
509 2251 600 2317 aliter
618 2251 714 2319 fuerit
737 2251 928 2340 stiptdatum.
976 2250 1173 2317 Polizzarum

208 2381 313 2437 autem
330 2368 410 2435 duae
420 2369 608 2458 praecipuae
622 2385 694 2434 sunt
710 2370 846 2458 species,
862 2370 959 2435 altera
972 2368 1014 2434 ad
1029 2369 1174 2451 navium,

206 2487 305 2557 altera
338 2483 378 2548 ad
412 2487 582 2553 mercium
600 2489 862 2557 assecurationem
891 2484 1169 2553 accommodatae:

206 2629 287 2697 quae
308 2621 413 2670 tamen
435 2604 519 2673 ultra
542 2626 610 2688 eas,
629 2627 758 2693 quaere
780 2607 848 2694 ipsa
863 2619 1023 2688 constant,
1042 2603 1173 2669 distinc-

205 2724 327 2806 tiones,
349 2745 416 2787 non
441 2721 545 2789 solent
573 2721 701 2791 differre
727 2723 788 2791 nisi
815 2746 874 2806 eo,
899 2721 985 2812 quod
1008 2724 1042 2787 in
1068 2723 1173 2810 prima

206 2842 311 2931 speeie
332 2863 399 2906 non
421 2839 477 2907 liat
498 2842 619 2907 mentio
646 2840 713 2911 doli
733 2857 766 2906 et
781 2841 893 2929 culpae
909 2840 1049 2930 magistri
1062 2841 1171 2922 navis,
1242 2877 1246 2882 ·

205 2981 341 3054 quorum
356 2959 451 3027 etiam
464 2959 640 3048 periculum
654 2973 849 3027 assecurator
862 2959 896 3026 in
911 2955 1048 3027 secunda
1065 2959 1172 3047 specie

205 3077 342 3165 suscipit·
387 3074 532 3146 Indicant
565 3091 671 3145 autem
701 3075 856 3145 formulae
886 3076 1078 3166 amplissimo
1107 3100 1172 3143 ser·

203 3217 299 3263 mone
321 3196 445 3277 omnia,
469 3210 582 3263 contra
596 3217 731 3284 quorum
745 3195 810 3263 tim
832 3197 1020 3264 assecuratio
1043 3196 1095 3281 lit,
1116 3219 1172 3286 pe-

204 3310 317 3391 ricula,
337 3333 417 3399 quae
439 3327 507 3381 tum
522 3313 619 3383 totius
642 3311 803 3383 commodi
815 3317 989 3400 jacturam,
1015 3329 1083 3379 tum
1106 3317 1173 3400 ejus

205 3425 377 3495 laesionem
393 3427 506 3499 afferre
521 3445 661 3518 possent.
707 3430 837 3499 Praeter
851 3453 949 3499 vacua
962 3446 1067 3498 autem
1082 3431 1170 3516 loca,

204 3568 285 3632 quae
294 3545 465 3613 secundum
474 3551 624 3635 cujusque
634 3551 871 3621 assecmationis
880 3549 1115 3618 contrahendae
1123 3573 1171 3616 re·

203 3663 333 3750 quisita,
345 3662 608 3733 determinatione
617 3667 720 3749 navis,
734 3668 904 3751 mercium,
917 3691 1074 3750 summae,
1087 3683 1170 3734 caet.

202 3778 325 3845 calamo
343 3780 498 3870 explenda
517 3797 606 3866 sunt,
631 3782 786 3852 formulae
806 3783 878 3850 illae
900 3784 1003 3852 solent
1024 3785 1172 3851 exhibere

201 3896 266 3964 duo
282 3919 380 3965 vacua
397 3900 495 3988 magis
512 3900 627 3989 ampla.
675 3900 820 3969 atteram
842 3901 999 3970 invenitur
1022 3917 1095 3990 post
1118 3900 1169 3967 de·
