2520 4566
627 261 648 323 3

149 483 237 533 turae
267 467 347 532 votis
372 465 551 550 suffecisse,
576 469 652 556 quin
679 470 727 545 his
756 468 901 539 relictum
924 471 1019 537 fuerit
1054 470 1114 537 illis

137 570 245 676 ,opem
267 587 350 652 ferre
376 609 408 658 a,
424 585 702 652 consuetudinibus
725 588 809 654 inter
834 606 1060 656 assecuratores
1082 607 1115 656 et

148 720 342 770 assecuratos
360 708 495 794 receptis
509 704 695 771 desumtam.
741 707 828 788 Imo,
853 708 911 772 ubi
926 709 1060 798 scriptae
1073 709 1115 774 le·

148 846 202 912 ges
226 823 454 888 mercatoribus
480 821 670 889 videbantur
693 821 850 888 adversari
875 823 1051 890 commodis
1077 849 1115 890 ex

150 962 257 1007 carum
277 942 423 1032 neglectu
442 940 604 1026 oriundis,
622 957 654 1008 et
675 943 708 1007 in
730 942 898 1008 utilitatem
920 958 1115 1008 mercaturae

149 1058 325 1143 vertendis,
349 1075 414 1126 tam
428 1082 541 1150 parum
557 1083 590 1125 se
604 1060 644 1125 ab
660 1033 865 1151 eo'neglectn
880 1062 1113 1144 abstinuerunt,

150 1193 185 1241 ut
205 1177 337 1243 facultas
350 1173 458 1269 legum
476 1179 677 1269 praescriptis
691 1179 898 1245 renunciandi
912 1181 980 1270 ipsa
990 1202 1116 1268 quoque

148 1294 465 1362 inconsuetudinem
491 1297 615 1364 abierit.
661 1298 754 1362 Certe
775 1297 932 1386 plerisque
957 1299 1115 1363 Iuriscon-

147 1413 234 1479 sultis
257 1413 389 1479 dubium
411 1437 478 1480 non
502 1415 578 1499 fuit,
601 1415 677 1503 quin
697 1415 777 1480 haec
802 1414 933 1480 facultas
955 1409 1113 1481 debuisset

151 1532 388 1622 circumscripta
406 1554 535 1598 manare
553 1532 667 1598 finibus
687 1533 726 1598 ab
746 1533 814 1622 ipsa
830 1533 913 1624 Lege
930 1535 1058 1623 positis,
1073 1535 1118 1599 ita

149 1665 185 1714 ut
205 1672 270 1714 non
289 1650 386 1714 fuerit
407 1648 540 1716 admissa
559 1666 671 1716 contra
691 1651 788 1739 Leges
800 1653 962 1737 perfectas
977 1646 1041 1717 siv‘e
1056 1653 1116 1716 im·

149 1769 305 1858 perativas
325 1768 376 1835 vel
398 1769 606 1858 prohibitivas
627 1768 693 1857 (1);
717 1764 773 1832 sed
794 1769 902 1856 negari
923 1784 1030 1833 tamen
1050 1792 1117 1834 non

146 1903 262 1977 potest,
276 1887 419 1977 exempla
432 1888 528 1952 etiam
541 1908 709 1952 occurrere
722 1886 997 1952 renunciatinnum
1009 1903 1115 1976 poste·

151 2006 244 2071 rioris
264 2006 404 2096 generis,
427 2006 461 2069 in
483 2006 544 2070 hac
563 2005 779 2092 ipsa—materia
795 2005 956 2069 sententiis
973 2005 1119 2072 Judicum

140 2124 431 2212 ‚comprobaturum
447 2119 505 2211 (a).
552 2120 658 2203 Quum
676 2121 772 2212 igitur
790 2137 877 2188 tanta
896 2138 1023 2209 tamque
1041 2123 1120 2188 mul·

149 2241 246 2330 tiplex
269 2239 364 2306 fuerit
384 2240 431 2305 ris
451 2238 714 2304 consuetudinum
732 2238 773 2305 ad
798 2239 1045 2306 conventionem
1069 2262 1117 2304 as-

149 2359 353 2424 securationis
380 2355 607 2441 ordinandam,
635 2356 686 2423 rel
714 2355 754 2422 ad
780 2358 886 2448 legum
911 2358 1119 2424 mutationem

147 2470 417 2565 praeparandam,
443 2497 508 2540 non
529 2475 689 2541 immerito
716 2476 970 2541 Consultissimus
996 2483 1116 2559 nouus,

148 2594 403 2684 Hamburgensis,
413 2594 620 2659 mercatoriae
626 2592 889 2682 jurisprudentiae
898 2594 1116 2683 peritissimus,

148 2710 382 2776 commendavit
397 2709 536 2775 studium
550 2710 769 2795 Polizzarum,
787 2712 822 2774 in
837 2710 966 2776 diversis
983 2712 1119 2802 regioni·

143 2831 202 2894 bus
215 2827 445 2912 adhibiturum,
463 2844 499 2893 ut
513 2827 610 2893 fontis
625 2823 706 2892 Iuris
722 2829 940 2893 assecuratorii
956 2852 1022 2894 non
1039 2830 1112 2894 satis

144 2948 208 3011 huc
227 2969 324 3034 usque
340 2945 512 3036 explorati3
537 2946 688 3034 quoniam
700 2945 773 3011 illae
788 2945 933 3012 Polizzae
949 2948 1115 3012 continent

145 3086 212 3130 non
225 3079 348 3128 tuntum
361 3066 525 3152 pactiones
537 3065 709 3153 plurimum
722 3065 867 3147 usitatas,
883 3062 939 3128 sed
955 3064 989 3126 in
1004 3062 1116 3151 primis

146 3181 289 3248 indicant
309 3184 360 3267 jus
387 3181 712 3264 consuetudinarium,
734 3182 782 3246 uti
806 3183 871 3246 hoc
899 3202 966 3245 sese
996 3179 1054 3268 (uti
1080 3181 1115 3246 in

144 3299 302 3368 Fotmulis
320 3298 461 3386 Gallicis)
487 3298 596 3374 contra
616 3300 732 3387 Legem
751 3306 852 3386 ipsam
869 3297 1017 3363 formavit
1030 3296 1089 3388 (3).

176 3491 220 3564 (l)
237 3490 306 3554 Voce
328 3488 365 3544 nd
383 3486 472 3545 Penei.
493 3483 554 3544 tu.
577 3491 604 3544 8.
627 3488 670 3544 ec.
693 3493 719 3543 l.
736 3483 808 3543 Pura
822 3481 852 3542 de
872 3479 987 3542 deatum
1007 3484 1060 3543 No.
1074 3493 1118 3543 88.

244 3571 430 3630 Brentesion
449 3574 555 3640 Quaere.
571 3577 631 3644 jur.
647 3578 721 3643 priv.
745 3574 779 3628 t.
801 3572 828 3626 l.
845 3590 868 3627 c.
882 3574 908 3626 2.
926 3586 957 3640 p.
973 3568 1034 3627 588.
1053 3589 1075 3625 c.
1092 3574 1120 3625 6.

236 3678 267 3732 p.
282 3660 351 3716 ¹570.
385 3669 465 3713 toust
489 3659 524 3713 nd
542 3661 604 3712 Art.
629 3654 681 3713 382
706 3652 767 3711 (lod.
792 3653 890 3711 Gallici
909 3668 986 3709 merc.
1004 3656 1056 3710 No.
1075 3658 1118 3710 57.

221 3740 359 3799 cmm
377 3751 439 3798 tom.
456 3742 483 3798 8.
496 3756 527 3814 p.
545 3742 574 3798 5.

179 3824 222 3900 (2)
240 3825 302 3883 tid.
322 3838 503 3884 turnusnctx
519 3828 545 3884 d.
564 3828 582 3882 l.
601 3847 623 3881 c.
640 3825 668 3884 ὅ.
683 3846 713 3897 p.
730 3822 783 3882 558
799 3822 868 3896 seqq.

165 3914 220 3983 ,(3)
240 3915 320 3968 rann
343 3908 596 3980 Asucurauurcclut,
633 3908 745 3967 Verrede
771 3930 802 3981 p.
824 3905 851 3965 8.
888 3908 982 3962 ιΕἱιιο
1011 3909 1119 3961 {iusserat

852 4007 1007 4070 ,ᾖ
