2520 4566
690 240 711 303 t

260 452 334 522 Non
351 450 506 534 diffiteor,
530 451 612 515 lranc
628 449 728 540 ipsam
743 447 1052 517 commendationem
1070 474 1121 516 me
1137 452 1184 516 in·

216 571 354 655 duxisse,
367 586 418 654 ut,
431 585 582 659 quatenus
597 569 711 634 virium
725 569 858 633 tenuitas
871 568 984 653 ferret,
998 568 1183 663 dissererem

216 688 256 754 de
275 689 379 778 specie
395 685 529 777 quadam
551 686 807 769 assecurationis,
832 708 911 774 quae
928 708 967 751 ex
986 685 1083 776 longo
1105 684 1182 751 inde

215 821 359 895 tempore
383 806 417 870 in
441 805 543 895 patria
568 818 676 868 nostra
701 803 937 886 celebrabatur,
962 807 1049 890 cujus
1073 819 1180 869 tamen

209 926 371 1012 hucusque
399 946 501 1011 neque
535 945 554 986 a
586 921 740 1012 Legibus,
774 944 876 1009 neque
917 922 957 986 ab
993 921 1177 986 auctoribus

211 1044 325 1108 nostris
349 1042 470 1106 mentio
496 1039 580 1104 facta
602 1054 668 1122 est,
691 1054 722 1104 et
747 1037 787 1104 de
811 1062 873 1127 qua
900 1037 1036 1104 dubitari
1059 1039 1177 1129 possit,

212 1182 253 1224 an
275 1159 340 1224 dici
362 1150 477 1224 debeat
498 1157 618 1247 legibus
641 1157 808 1222 contraria.

252 1279 355 1366 Agant
379 1275 474 1365 igitur
502 1273 543 1339 de
571 1275 813 1340 Assecuratione
838 1275 945 1341 salvae
966 1285 1179 1366 navigationis

211 1393 263 1483 (op
279 1395 334 1458 leet
350 1392 509 1457 belouden
530 1392 651 1481 aaran).
699 1391 804 1474 Quum
819 1394 903 1458 enim
916 1394 1097 1484 frequenter
1114 1400 1181 1483 ejus

209 1506 405 1577 mentionem
423 1511 539 1590 factam
555 1509 727 1575 audiverim
750 1511 784 1576 in
800 1512 887 1577 Urbe
907 1515 1115 1599 mercatoria,
1140 1538 1179 1581 ex

209 1653 271 1719 qua
291 1643 392 1712 ortus,
415 1645 447 1694 et
460 1629 644 1718 praesertim
663 1628 697 1692 in
721 1627 820 1694 domo
840 1644 985 1718 patema,
1008 1633 1178 1698 occasione

208 1775 295 1817 casus
316 1748 475 1836 cujusdam
498 1749 695 1815 celeberrimi
718 1747 840 1814 dehac
862 1754 1092 1818 assecuratione
1113 1755 1177 1844 agi·
1250 1833 1252 1837 y

208 1870 285 1953 tati,
309 1890 376 1934 non
399 1867 554 1949 docendi,
579 1866 634 1933 sed
655 1865 797 1933 discendi
820 1891 913 1933 causa
936 1868 1062 1934 adhoc
1084 1894 1177 1960 argu-

168 2072 171 2079 ²
206 2002 351 2052 mentum
379 1986 511 2068 accessi,
540 1999 575 2047 ut
602 1999 670 2048 tum
695 1984 783 2049 illud.
797 1986 900 2074 ipsum
925 2008 1173 2076 cognoscerem,

205 2122 274 2170 tum
294 2127 333 2169 ex
350 2107 416 2189 ejus
439 2102 479 2166 ab
501 2101 631 2166 aliarum
653 2103 921 2167 assecurationum
943 2126 1059 2193 genere
1074 2102 1178 2193 diver-

205 2223 296 2288 sitate
308 2222 484 2287 universam
500 2219 591 2304 hujus
611 2233 792 2283 contractus
805 2220 970 2284 materiam
983 2221 1176 2311 magismihi

204 2339 392 2406 familiarem
406 2334 584 2402 redderem.
630 2334 665 2399 Si
681 2335 749 2423 quis
759 2336 856 2427 igitur
868 2337 932 2401 hoc
946 2337 1177 2426 qualecumque

203 2456 349 2544 juvenilis
363 2454 543 2544 diligentiae
553 2453 715 2542 specimen
727 2452 883 2542 inspicere
897 2476 964 2518 non
976 2452 1175 2545 dedignetur,

207 2568 281 2640 eum
301 2595 368 2637 non
383 2572 496 2660 magis,
518 2594 613 2660 quam
636 2587 721 2636 aetas
741 2571 839 2654 sinat,
860 2594 946 2637 ame
963 2569 1177 2662 flagitaturum

205 2691 371 2759 confiteor.

248 2811 414 2875 Caeterum
434 2809 519 2873 hunc
541 2807 619 2872 mihi
642 2805 786 2872 ordinem
808 2806 1012 2895 praescripsi,
1029 2822 1065 2872 ut

205 2928 313 3016 Capite
365 2927 393 2990 Ι.
417 2948 506 3014 agam
528 2923 569 2989 de
590 2923 694 2987 forma
715 2924 806 3008 hujus
828 2924 1076 2990 assecurationis.

208 3045 316 3134 Capite
348 3045 395 3109 ΙΙ.
421 3041 470 3132 de·
476 3045 542 3128 ejus
557 3038 667 3105 indole
682 3055 715 3104 et
729 3037 1058 3125 determinationibus,
1082 3060 1178 3134 atque

206 3164 319 3254 Capite
334 3163 398 3229 ΙΙΙ.
422 3160 589 3249 inquiram,
597 3157 632 3222 in
642 3172 790 3245 quantum
795 3160 866 3244 jure
874 3158 979 3225 valere
990 3159 1053 3226 diei
1064 3181 1169 3251 queat.

297 3363 458 3434 »wichtige,
474 3365 564 3418 bisher
576 3366 629 3420 niel
645 3369 777 3438 aunenig
793 3368 1011 3439 benickaichtigta
1026 3370 1117 3440 Quclle
1133 3374 1180 3428 fiir

295 3443 363 3497 adas
385 3448 625 3514 Assecuranaracht,
644 3449 710 3500 ⁴sind
724 3449 767 3501 die
790 3452 818 3501 in
834 3450 886 3503 den
904 3452 1042 3504 einzelnen
1054 3454 1178 3508 Lindern

295 3529 444 3581 aiiblicben
466 3530 613 3583 Formulare
635 3548 686 3583 ton
709 3530 831 3597 Polioen,
857 3532 946 3584 indam
968 3536 1006 3585 aie
1031 3535 1104 3586 nicht
1125 3556 1178 3592 nur

261 3620 262 3623 ’
294 3615 361 3667 adia
381 3613 532 3666 iiblichstan
551 3614 868 3684 Contractabedingungen
888 3615 1038 3682 cnthaltcn,
1061 3619 1176 3674 sondern

294 3697 384 3748 »auch
404 3696 449 3748 das
472 3695 749 3760 Gawohnheitsrecht,
768 3696 927 3749 namentlich
946 3713 987 3750 vo
1010 3697 1095 3751 dieses
1116 3701 1175 3754 siclt

292 3780 381 3848 alvia
396 3782 426 3832 in
440 3781 493 3832 den
508 3778 705 3833 anafisischcn
720 3779 898 3849 Formularan)
912 3781 968 3832 &m
988 3781 1093 3834 Gaetu
1112 3789 1176 3836 ent-

292 3880 397 3931 »gcgm
414 3864 530 3933 gabildst
546 3865 619 3929 batt,
637 3861 838 3917 naohweisan.”

581 4003 774 4042 *-

70 4086 206 4288 X
