2520 4566
627 253 648 318 7

145 467 354 558 signationem
380 465 520 548 itineris,
544 465 678 541 alterum
702 480 775 555 post
799 468 910 550 rerba,
932 488 1012 556 quae
1037 467 1117 535 indi-

146 585 265 651 cationi
278 584 362 666 loci,
381 605 445 671 quo
462 583 550 648 navis
566 583 681 648 ultimo
705 599 772 649 erat
787 599 948 675 tempore,
966 589 1114 656 serviunt.

148 705 255 769 Ambo
269 702 422 768 destinata
439 718 512 767 sunt
532 717 600 767 tum
617 702 679 767 illis
692 703 957 768 enuntiationibus
973 707 1115 795 speciali·

144 822 218 905 bus,
232 845 365 910 quarum
381 837 629 886 assecuratorum
642 821 791 886 interesse
808 820 965 905 ridentur,
976 837 1043 888 tum
1054 825 1116 890 sin-

144 942 304 1032 gularibus
315 941 528 1029 pactionibus,
540 962 620 1027 quae
628 939 857 1029 obligationum
865 940 1114 1006 nomenclationi

144 1061 179 1124 in
191 1059 335 1124 formulis
350 1075 419 1124 tum
441 1059 585 1146 sequenti
604 1055 758 1146 quaedam
775 1055 926 1144 adjiciunt
945 1074 999 1124 aut
1011 1057 1114 1125 detra·

144 1180 243 1262 hunt,
266 1178 392 1244 calamo
417 1175 595 1244 inserenda.
642 1177 708 1242 Ubi
739 1191 845 1241 autem
868 1176 1115 1267 obligationibus

146 1297 228 1386 typis
255 1294 418 1384 descriptis
447 1293 567 1382 aliquid
595 1291 797 1377 detrahatur,
833 1294 885 1360 rel
915 1317 1114 1385 quocumque

143 1413 244 1482 modo
252 1415 313 1480 bae
327 1413 539 1503 obligationes
550 1413 759 1478 mutationem
772 1414 920 1496 subeant,
936 1414 1015 1478 nihil
1026 1437 1115 1503 pror

145 1555 196 1598 sus
218 1533 252 1596 in
272 1533 310 1596 iis
330 1554 409 1620 quae
432 1530 515 1622 typis
535 1527 693 1619 descripta
717 1546 790 1594 sunt
812 1530 894 1595 solet
916 1530 1032 1614 deleri,
1058 1531 1114 1598 sed

147 1649 256 1717 omnia
277 1666 442 1716 remanent
455 1650 637 1731 immutata,
660 1649 801 1737 quamvis
815 1649 870 1730 iis,
895 1671 974 1736 quae
991 1649 1114 1717 calamo
1198 1708 1203 1720 .

146 1770 265 1832 inserta
286 1782 374 1850 sunt,
397 1788 525 1856 prorsus
540 1765 711 1831 contraria.
757 1765 813 1829 Est
835 1781 939 1830 autem
968 1788 1026 1831 usu
1048 1769 1117 1832 uni·

146 1907 235 1951 verse
258 1901 387 1974 recepta
410 1883 533 1975 regula,
554 1883 629 1967 illa,
654 1905 734 1970 quae
754 1882 878 1948 calamo
896 1883 1012 1949 inserta
1024 1901 1112 1969 sunt,
1151 1902 1153 1908 ·

147 2001 299 2094 derogare
324 2003 381 2086 iis,
409 2024 488 2090 quae
513 2001 595 2091 typis
622 2000 797 2091 descripta,
823 2017 916 2089 atque
938 2004 1116 2091 posteriora
1157 1995 1167 2017 “

145 2135 265 2186 mutata
280 2121 400 2186 censeri
419 2120 592 2210 prioribus,
615 2133 652 2184 ut
669 2134 746 2208 pote
763 2118 931 2208 specialem
947 2136 979 2185 et
995 2136 1115 2187 certam

142 2240 396 2305 contrahentium
417 2237 617 2315 uoluntatem
637 2236 859 2304 indicantibus.
905 2237 954 2303 De
981 2239 1043 2304 hac
1067 2262 1115 2305 re·

145 2356 235 2448 gula,
258 2357 355 2423 etiam
377 2357 411 2421 in
433 2355 500 2421 aliis
524 2355 707 2446 regionibus
728 2369 877 2444 recepta,
900 2356 1021 2421 consuli
1043 2380 1115 2446 pos·

146 2491 220 2540 sunt
237 2496 408 2540 raannssus
434 2475 532 2541 Cours
552 2473 592 2537 de
612 2472 699 2538 droit
711 2497 821 2540 comm.
848 2474 903 2539 N⁰.
925 2497 1005 2564 1792
1029 2484 1063 2541 in
1076 2477 1113 2567 s.

144 2606 387 2659 enarrantem.
413 2591 445 2658 3.
462 2616 500 2681 p.
529 2599 762 2680 105r6unsp.
789 2590 869 2676 530,
896 2590 971 2658 531.

188 2709 278 2791 Quae
290 2709 486 2800 praecedunt
501 2707 708 2775 memoranda
724 2726 831 2792 erant,
856 2725 891 2774 ut
907 2710 1027 2794 forma,
1050 2713 1113 2799 qud

142 2836 335 2892 assecuratio
350 2828 457 2893 salvae
474 2834 687 2917 navigationis
706 2827 858 2894 celebrari
874 2829 970 2913 solet,
991 2829 1052 2894 rite
1068 2829 1114 2893 in·

143 2944 311 3033 telligatur.
358 2946 458 3033 Hujus
474 2947 560 3011 enim
577 2945 731 3030 clausula,
756 2969 821 3012 uuo
841 2962 970 3029 tenore,
989 2946 1112 3011 calamo

144 3061 327 3127 inscribitur
354 3061 494 3128 secundo
516 3060 597 3147 illo,
630 3062 759 3150 dequo
785 3062 935 3144 diximus,
957 3060 1112 3127 formulae

145 3201 258 3244 vacuo.
304 3177 338 3242 Si
362 3179 581 3264 commodum,
602 3181 637 3244 in
659 3184 747 3265 cujus
768 3180 901 3269 gratiam
921 3181 1110 3245 assecuratio

143 3296 214 3380 fiat,
239 3294 408 3385 quemdam
428 3319 501 3361 cum
518 3296 587 3385 ipsa
604 3296 676 3361 navi
693 3318 808 3360 nexum
824 3296 956 3379 habeat,
974 3296 1112 3363 clausula

144 3416 292 3481 inseritur
316 3414 459 3482 Polizzae
479 3415 623 3497 navium,
645 3429 680 3478 ut
694 3429 844 3498 vocatur,
864 3414 1108 3505 (Casca-Polis),

144 3535 313 3599 sinautem
332 3531 411 3598 illud
428 3518 468 3597 ad
483 3555 604 3597 merces
619 3533 791 3623 pertineat,
816 3535 969 3598 mercium
986 3534 1110 3600 Polizza

146 3651 439 3741 (Gemma-Polis)
458 3648 635 3718 adhibetur.
682 3651 826 3739 Utroque
843 3674 918 3717 casu
932 3667 1040 3744 tamen
1058 3677 1110 3718 ea·

143 3767 217 3834 dem
234 3769 389 3854 clausula,
412 3767 453 3835 ad
470 3768 588 3836 salvam
603 3776 693 3835 novis
710 3768 891 3836 vectionem
903 3792 936 3836 se
949 3771 1105 3853 referens,

144 3911 201 3953 usu
222 3890 319 3958 venit.
