2520 4566
674 263 800 330 10·

205 499 278 544 vum
302 475 455 542 Codicem
477 475 718 556 mercatorium,
749 497 816 540 non
838 490 960 561 tamen,
985 492 1020 542 ut
1045 476 1172 544 ridetur

95 593 97 597 ’
204 610 338 687 propter
354 594 462 677 illum,
475 591 532 660 sed
543 594 649 684 potius
660 609 695 658 ut
711 591 865 681 quaedam
881 594 1037 661 clausulae
1049 613 1173 687 partes,

206 718 333 802 ejusque
354 712 485 779 effectus
507 712 620 778 clarius
643 713 898 778 contrahentium
910 729 1050 780 mentem
1071 716 1174 804 expri-

204 847 345 915 merent,
370 832 431 897 alia
449 831 541 917 hujus
568 830 724 897 clausulae
747 830 884 896 formula
905 830 1088 897 introducta
1111 848 1171 900 est.

204 950 330 1042 Operae
352 950 489 1040 pretium
512 964 559 1014 est
585 950 668 1014 hanc
692 947 789 1014 etiam
816 949 870 1014 hic
897 972 1076 1039 excerpere.
1117 949 1174 1017 Se·

147 1073 152 1087 '
204 1068 334 1157 quentia
354 1069 421 1153 ejus
442 1081 514 1131 sunt
534 1066 644 1131 rerba:

249 1186 321 1251 ‚Fit
331 1187 411 1252 baec
422 1183 783 1251 assecuratioinsalvum
794 1183 965 1251 adventum
976 1183 1176 1275 supradictae

204 1303 319 1370 »Navis
338 1301 380 1367 ad
396 1302 505 1369 locum
522 1301 730 1386 destinatum,
750 1317 783 1367 et
802 1300 931 1391 quidem
947 1325 987 1367 eo
1005 1325 1116 1386 sensu,
1139 1317 1175 1367 ut

205 1424 250 1488 »si
268 1419 348 1487 illud
364 1444 432 1487 non
450 1419 592 1503 accidat,
608 1421 672 1486 sire
684 1419 867 1510 naufragio,
881 1421 946 1484 sive
962 1419 1053 1485 aliter
1070 1418 1175 1508 (salvis

203 1541 319 1607 »Anti
340 1545 423 1626 249,
447 1539 513 1621 640
535 1554 568 1605 et
589 1539 667 1620 641.
691 1537 820 1602 Codicis
846 1537 1040 1627 mercatorii)
1068 1536 1173 1627 perdi·

203 1674 294 1724 ‚tum
314 1656 419 1724 eundo
447 1674 501 1723 aut
525 1654 707 1749 pereundo,
731 1680 866 1724 summas
888 1658 1017 1722 anobis
1034 1657 1169 1748 signatas

203 1777 343 1863 nstatim,
370 1791 402 1843 et
416 1776 533 1865 absque
544 1775 609 1841 ulla
622 1775 826 1864 exceptione,
847 1773 1018 1858 solvemus,
1042 1775 1173 1840 simulac

202 1896 383 1962 »sinistrmr
403 1894 458 1960 hic
482 1894 662 1984 cognitum,
678 1893 835 1982 nobisque
855 1891 1081 1959 denunciatum
1099 1894 1171 1960 erit.

202 2011 346 2078 »Deinde
373 2034 516 2101 expresse
547 2011 731 2104 stipulatum
764 2027 831 2095 cst,
866 2027 902 2076 ut
931 2012 966 2078 in
995 2035 1069 2077 casu
1092 2034 1172 2078 non·

203 2129 378 2197 »adventus
409 2128 583 2220 supradicti
613 2129 789 2207 nullatenus
812 2130 953 2196 fruemur
984 2130 1040 2195 tali
1065 2145 1172 2219 parte,

203 2271 306 2340 »qtrae
323 2245 479 2315 servando
499 2263 624 2313 maneat
644 2246 830 2331 incolumis,
847 2248 920 2338 (nisi
940 2247 1103 2314 commodi
1120 2272 1175 2314 na·

130 2425 136 2439 ,
203 2382 296 2433 »tura
313 2389 353 2433 ex
379 2366 534 2454 aequitate
555 2380 804 2455 temperamenta
831 2366 1002 2458 exigeret);
1027 2365 1175 2432 adversus

204 2483 313 2572 equod
328 2485 484 2549 immunes
501 2485 617 2549 erimus
630 2486 670 2550 ab
686 2485 799 2550 avariis
814 2485 1050 2568 communibus,
1063 2501 1095 2549 et
1105 2507 1175 2574 par·

204 2601 429 2686 »ticularibus,
455 2616 548 2690 atque
570 2603 610 2667 ab
632 2604 778 2668 omnibus
800 2602 949 2693 impensis
967 2622 1040 2668 cum
1059 2618 1175 2668 eventu

206 2751 221 2778 ι
233 2736 288 2787 aut
304 2720 422 2808 absque
433 2743 472 2786 eo
494 2720 604 2804 factis,
617 2719 694 2786 dum
708 2718 750 2787 ad
760 2721 986 2810 probationem
998 2718 1174 2802 commodi,

203 2837 337 2903 »valoris
354 2852 407 2902 aut
419 2839 622 2927 proprietatis
635 2838 771 2904 sufficiet
785 2839 865 2904 haec
882 2838 1025 2920 Polizza,
1038 2853 1071 2902 ct
1085 2836 1175 2926 quid·

200 2954 300 3045 »quid
317 2957 446 3047 insuper
471 2954 642 3022 bonafide
665 2955 802 3046 produci
816 2957 947 3046 poterit.
993 2956 1173 3021 Renuncia-

200 3097 293 3141 amus
321 3073 437 3140 diserte
460 3090 497 3139 ut
519 3075 581 3140 viri
597 3075 722 3141 bonore
737 3073 875 3164 praediti
895 3074 1010 3140 talibus
1034 3073 1173 3139 articulis

200 3191 352 3260 »Codicis
375 3194 577 3278 mercatorii,
602 3210 635 3259 et
659 3193 744 3277 aliis,
772 3194 827 3281 qui
838 3194 913 3259 huic
937 3192 1173 3258 Assecurationi

197 3309 472 3394 »adversarentur
486 3313 538 3379 rel
549 3336 619 3379 eam
630 3313 847 3403 prohiberent,
853 3312 1073 3402 promittentes
1081 3332 1172 3374 num·

123 3481 124 3487 κ
198 3450 315 3516 equam
331 3451 390 3495 nos
409 3431 450 3495 ab
470 3430 509 3494 iis
530 3452 626 3520 opem
644 3453 711 3495 esse
727 3431 902 3520 petituros,
928 3451 1023 3516 quam
1039 3427 1082 3492 ob
1099 3449 1171 3492 cau·

199 3567 290 3611 »sam
310 3546 424 3630 etiam,
445 3547 510 3612 sub'
523 3569 667 3639 expressa
683 3551 831 3635 cujusque
853 3545 1092 3614 renunciatione
1106 3545 1172 3630 juri

198 3663 454 3751 »appellationis,
474 3687 585 3730 omnes
602 3664 692 3748 lites,
706 3665 875 3753 omniaque
888 3663 1071 3729 discrimina
1087 3651 1167 3748 quae

196 3811 212 3873 s
217 3797 362 3870 respectu
372 3782 463 3869 hujus
477 3783 714 3848 assecurationis
727 3783 879 3848 obvenire
893 3795 1039 3872 possent,
1057 3780 1169 3844 ultima

199 3897 342 3963 »ratione
359 3900 614 3967 terminabuntur
632 3925 651 3967 a
669 3901 769 3967 tribus
789 3881 913 3967 arbitris
938 3923 977 3967 eo
994 3898 1094 3966 modo
1113 3921 1169 3964 no·

71 4164 253 4300 A
