2520 4566
609 247 647 315 lt

192 461 237 525 6⁰.
262 460 297 523 in
309 457 405 524 fidem
421 458 568 540 honoris,
585 472 735 548 quatenus
748 458 819 549 lege
832 459 873 526 ad
883 459 970 526 iliam
982 483 1049 527 uon
1061 459 1113 528 do

260 594 312 643 tur
323 577 468 660 libertas,
485 590 518 642 et

195 700 243 785 7⁹.
268 694 435 764 referendo
463 693 504 761 ad
526 695 690 762 arbitrium
711 696 871 762 bonorum
897 698 1056 781 virorum,
1080 713 1116 763 ut

256 828 414 882 summum
427 813 594 901 judicium.

191 936 241 1001 De
259 934 387 1025 singulis
404 933 576 1003 videamus.
663 936 664 941 ’

595 1206 668 1283 §n

392 1377 451 1443 ’In
466 1376 586 1443 salvam
599 1383 840 1467 navigationem.
848 1376 867 1407 ''

193 1642 267 1707 Hoc
287 1663 354 1706 non
375 1639 486 1708 ordine
504 1657 645 1725 tantum,
666 1641 722 1707 sed
736 1657 899 1707 momento
915 1665 1040 1732 quoque
1052 1645 1114 1735 pri·

147 1782 235 1825 mum
249 1782 283 1825 se
297 1759 409 1843 offert,
424 1760 508 1825 hanc
522 1760 786 1825 assecurationem
798 1759 867 1824 fieri
879 1768 913 1825 in
925 1763 1044 1828 naham
1058 1787 1114 1829 na-

142 1879 329 1966 vigationem
351 1877 403 1966 (op
426 1878 480 1943 Iret
501 1877 661 1943 behouden
679 1877 803 1967 varen),
820 1877 887 1944 imo
900 1895 1032 1970 propter
1046 1885 1111 1969 ejus

146 2010 344 2061 momentum
357 1996 461 2085 ipsum
475 1997 611 2086 primum
628 1997 662 2061 in
677 1996 934 2064 clausulalooum
944 2014 1053 2065 tenere
1067 2001 1112 2066 vi·

149 2111 254 2179 detur.
300 2114 510 2204 Distinguitur
537 2115 622 2181 enim
643 2138 683 2182 co
704 2116 774 2204 ipso
795 2119 862 2203 ejus
889 2118 1049 2204 objectum
1069 2119 1111 2184 ab

144 2231 217 2314 illo,
230 2231 316 2320 qnod
326 2233 361 2297 in
374 2233 511 2300 formula
519 2233 663 2300 Polizzae
675 2235 757 2324 typis
767 2233 923 2324 descripta
934 2235 1111 2325 praecedit,

143 2352 200 2416 ubi
216 2351 331 2441 legitur
353 2360 387 2417 in
406 2376 516 2419 navem
536 2352 589 2442 (op
607 2353 662 2418 ltet
673 2351 784 2441 ¹casco)
802 2352 853 2419 vel
869 2361 904 2418 ἰιι
923 2376 1040 2418 merces
1058 2353 1111 2444 (op

143 2469 454 2559 koopmonscltoppen
477 2471 565 2560 etc),
591 2486 685 2560 atque
706 2465 787 2537 haec
797 2473 895 2537 verba
907 2494 948 2538 eo
958 2472 1046 2562 ipso,
1062 2494 1111 2540 se·

143 2586 282 2653 cundum
300 2590 442 2679 regulam
459 2589 493 2653 in
511 2590 617 2679 primo
641 2590 743 2679 capite
763 2590 937 2680 expositam
955 2590 1024 2681 (r),
1048 2613 1111 2681 pro

142 2704 252 2771 deletis
265 2721 338 2771 sunt
347 2703 504 2774 habenda.
1100 2689 1103 2694 Δ

189 2823 359 2910 Objectum
382 2824 503 2890 scilicet
525 2824 616 2912 hujus
639 2826 877 2891 assecurationis
895 2847 962 2891 non
981 2842 1028 2893 est
1043 2827 1112 2917 ipsa

145 2942 243 3005 navis.
289 2939 373 3007 Illud
388 2957 501 3032 sponte
511 2942 710 3032 intelligitur,
727 2943 753 3007 si
768 2942 980 3026 attendamus,
1002 2945 1111 3030 objec-

144 3073 213 3121 tum
237 3057 366 3144 alicujus
391 3061 628 3126 assecurationis
649 3059 714 3124 dici
733 3081 802 3126 rem
822 3061 938 3150 ipsam,
965 3083 1048 3148 quae
1070 3063 1112 3125 sit

145 3176 287 3265 exposita
313 3176 480 3265 periculis,
510 3199 590 3266 quae
615 3193 809 3243 assecurator
834 3177 972 3266 suscipit.
1016 3176 1111 3244 Nunc

143 3309 266 3377 autem,
290 3295 337 3359 uti
358 3295 523 3377 §dlutius
540 3294 781 3385 exponendum,
805 3310 1031 3362 assecuratores
1047 3298 1112 3363 hoc

140 3428 306 3481 contractu
322 3436 389 3479 non
413 3429 525 3480 cavent
544 3413 596 3480 de·
604 3414 744 3497 damnis,
769 3434 850 3504 quae
866 3408 939 3482 nari
955 3417 1106 3484 obvenire
1217 3397 1219 3407 ¹

172 3652 215 3724 (Ι)
233 3654 308 3708 Illius
321 3657 425 3728 regul„
440 3657 521 3711 otiam
532 3656 693 3711 mentionem
704 3657 821 3710 fecerunt
833 3659 943 3729 ejusque
956 3663 1113 3711 nmmoom-

234 3740 406 3810 probarorunt
418 3741 515 3796 Arbitri
530 3743 559 3794 in
580 3743 706 3795 sententia
718 3743 735 3795 8
749 3742 814 3797 Julii
827 3743 911 3809 188⁷,
930 3743 963 3796 de
979 3760 1029 3813 qun
1048 3744 1115 3797 intre
1183 3759 1184 3764 ’

236 3823 352 3892 dicetur,
372 3843 502 3897 quemquo
518 3826 679 3881 additionum
696 3841 805 3880 numero
823 3825 850 3880 11
862 3824 923 3881 huio
940 3825 1112 3881 dissertationi

234 3906 345 3977 adjicere
362 3909 444 3962 licuit.
