2520 4566
623 261 666 325 46

163 473 322 537 vocationi
350 469 391 535 ad
414 467 568 557 judicium
595 469 754 535 bonorum
780 471 919 536 virorum
948 468 1035 536 illam
1064 473 1130 537 vim

163 611 230 655 esse
246 585 463 672 tribuendam,
486 588 575 653 athi
597 589 694 653 etiam
709 588 800 678 Legis
820 587 1051 677 prohibitiones
1074 612 1131 655 ne·

103 685 106 692 ¹
163 707 288 799 gligere'
301 707 440 797 possint,
458 721 553 794 atque
574 704 655 772 adeo
674 721 769 796 pacta
788 706 894 796 legum
913 705 1134 796 prohibitione

158 842 274 892 ⁴notata
292 841 364 891 rata
380 822 510 891 habere.
555 822 639 889 Illud
657 839 762 890 autem
779 824 846 889 sine
865 823 934 889 ullo
951 823 1049 890 dubio
1064 841 1134 892 tan·

162 942 336 1010 tummodo'
353 939 597 1033 exspectandum
623 958 670 1008 est
695 941 781 1007 eirca
808 941 863 1007 illa
888 956 1001 1032 pacta,
1025 965 1127 1031 quae,

162 1061 239 1128 dum
260 1061 337 1153 legis
360 1062 466 1153 rigore
498 1060 734 1152 opprimuntur,
762 1059 831 1149 ipsa
859 1061 1017 1148 aequitate
1041 1082 1129 1126 com·

164 1180 364 1247 mendantur.
410 1178 493 1245 Illud
506 1181 574 1269 ipse
592 1201 707 1269 scopus
723 1176 879 1244 clausulae
896 1178 957 1243 sibi
975 1177 1129 1248 vindicat.

166 1300 235 1383 Ita,
255 1297 332 1365 dum
352 1275 560 1364 anterioribus
579 1297 734 1387 Legibus,
757 1296 897 1384 itemque
917 1295 1063 1380 Gallicis,
1087 1320 1131 1362 as·

167 1416 323 1483 securatio
345 1417 459 1506 sperati
481 1414 579 1498 lucri,
603 1430 659 1480 aut
688 1414 786 1480 futuri
817 1414 918 1498 nauli,
939 1415 1131 1505 prohibeba-

165 1550 236 1619 tur,
261 1549 347 1600 certe
368 1547 539 1626 potuerunt
562 1532 635 1598 illae
659 1532 750 1620 hujus
772 1532 929 1598 clausulae
941 1531 1068 1623 aegide,
1095 1549 1132 1598 ut

165 1665 413 1735 consueverunt,
436 1650 518 1742 tegi,
541 1650 772 1716 assecuratione
794 1651 899 1716 salvae
922 1651 1131 1742 navigationis

55 1774 58 1782 '
162 1769 315 1836 adhibita.
358 1769 411 1835 An
428 1784 550 1835 ‘autem
581 1768 729 1857 aequitati
767 1784 1014 1834 consentaneum
1047 1768 1135 1836 ride·

162 1903 270 1971 retur,
292 1887 350 1952 ubi
380 1887 442 1953 iter
473 1909 537 1952 nou
564 1888 605 1952 sit
633 1888 766 1971 initum,
800 1887 844 1954 ob
872 1901 1002 1976 pactum
1030 1886 1129 1972 illud,

164 2012 256 2071 »aine
280 2003 457 2088 restomo,'’
479 2004 711 2071 restitutionem
730 2005 863 2095 praemii
883 2021 1062 2072 assecurato
1080 2030 1135 2072 ne·

78 2140 80 2144 ‘
160 2147 255 2214 gare,
275 2123 328 2190 vel
348 2122 403 2188 ubi
424 2120 558 2210 quidex
577 2121 668 2188 clade
689 2145 763 2189 vere
784 2138 940 2190 servatum
960 2139 1127 2213 appareat,

158 2240 195 2306 id
219 2241 254 2306 iu
281 2241 404 2307 lucrum
429 2255 608 2305 amecurato
634 2239 804 2324 addicere,
837 2242 1042 2308 vehementer
1070 2241 1129 2309 du·

155 2355 303 2426 bitarem.
340 2360 411 2424 Imo
427 2358 621 2426 contrarium
641 2375 874 2449 exspectarem,
898 2381 996 2446 quum
1014 2360 1129 2450 prioris

157 2477 304 2564 iniquitas
326 2481 392 2563 jam
412 2477 538 2542 silentio
558 2500 660 2544 novae
684 2476 985 2543 Amstelodamensis
1007 2477 1129 2544 formu·

156 2593 228 2677 lae,
249 2609 342 2683 atque
366 2594 549 2684 posterioris
569 2595 712 2660 illatum
732 2598 799 2682 ejus
822 2595 981 2661 clausulae
1002 2611 1129 2687 tempe·

158 2712 300 2796 ratione,
324 2688 392 2776 tum
410 2710 532 2800 judicio
555 2713 750 2804 optimorum
771 2715 914 2780 virorum
939 2729 1052 2781 notata
1072 2715 1125 2782 sit.

133 2859 137 2866 ·
201 2827 288 2895 Illud
310 2827 446 2919 denique
473 2831 531 2914 iis,
562 2853 642 2919 quae
672 2830 847 2921 disputavi,
880 2846 1127 2898 consentaneum

155 2962 223 3032 est,
253 2969 320 3013 non
345 2970 438 3037 posse
461 2948 731 3016 renunciationem
757 2950 807 3033 ei,
832 2949 920 3038 quod
942 2951 1028 3042 Lege
1049 2973 1127 3041 pro·

158 3065 295 3130 hibitum
319 3079 382 3151 est,
403 3065 521 3132 factam
543 3080 691 3156 umquam
713 3090 733 3134 a
754 3091 831 3133 vero
853 3067 960 3156 judice
982 3067 1126 3153 admitti,

153 3181 301 3279 adeoque
324 3198 378 3248 aut
396 3206 462 3249 uno
483 3185 644 3250 bonorum
663 3186 806 3252 virorum
819 3187 951 3252 arbitrio
964 3209 1034 3252 rem
1046 3185 1124 3252 diri·

158 3299 328 3384 mendam,
349 3317 418 3386 aut,
433 3302 460 3367 si
479 3303 652 3393 appellatio
665 3302 901 3387 admitteretur,
924 3303 1023 3369 etiam
1041 3304 1124 3369 hanc

157 3415 199 3482 ad
227 3416 313 3483 aliud
342 3418 476 3509 aliorum
509 3420 658 3487 honorum
689 3422 836 3486 Virorum
862 3421 1028 3486 arbitrium
1059 3442 1126 3486 esse

157 3534 366 3603 limitandam.
412 3537 517 3621 Prius,
547 3539 595 3603 uti
627 3538 779 3623 vidimus,
807 3539 842 3605 in
866 3539 1012 3605 formulis
1036 3562 1121 3605 nunc

155 3654 295 3739 usitatis,
319 3656 518 3742 observatur,
541 3673 634 3746 atque
657 3681 698 3722 eo
720 3660 791 3748 ipso
813 3659 896 3724 luris
922 3659 1011 3750 rigor
1033 3658 1122 3724 illam

156 3772 420 3863 temperationem
450 3773 579 3866 recipit,
614 3798 709 3864 φιαιιι
732 3775 835 3865 ipsum
866 3776 936 3861 lus,
967 3773 1122 3866 judicium

155 3887 316 3956 bonorum
338 3889 488 3960 Virorum
512 3892 728 3978 admittendo,
751 3895 962 3986 comprobare
982 3891 1121 3963 videtur.

547 4032 733 4073 «nu-—
889 4035 892 4042 ¹
