2520 4566
621 277 661 337 tt

163 481 226 567 dit,
251 485 377 570 ejusque
398 481 575 572 exemplum
594 481 653 546 fuit
672 483 705 545 in
724 482 792 571 ipso
815 504 888 546 casu
909 485 1125 574 pyroscaphae

159 600 316 685 Pylades,
351 600 385 663 in
414 622 476 687 quo
505 623 562 688 per
590 597 722 665 modum
745 597 904 685 cujusdam
933 598 1124 666 conditionis

157 732 286 808 pactum
315 732 398 800 erat,
431 732 531 782 totam
561 717 804 783 conventionem
830 715 948 781 nullam
977 717 1063 801 fore,
1096 719 1123 783 si

158 835 219 901 iter
256 859 321 900 non
357 837 498 901 iniretur.
549 835 640 900 Nova
673 858 799 923 quoque
824 832 1121 900 Amstelodamensis

156 951 293 1016 formula
322 953 409 1017 illam
442 952 609 1018 clausulam
640 951 681 1018 de
707 976 773 1019 non
805 952 999 1019 restituendo
1028 976 1118 1043 prae·

158 1070 241 1153 mio,
265 1086 301 1135 ut
326 1074 393 1158 jam
417 1070 565 1155 vidimus,
591 1072 818 1161 praetermisit,
856 1087 949 1160 atque
971 1094 1010 1138 eo
1032 1087 1119 1137 certe

157 1188 325 1276 antiquiori
346 1205 503 1278 praestare
524 1188 658 1257 videtur.

199 1303 295 1384 Quod
321 1320 424 1370 autem
450 1303 491 1370 ad
515 1305 647 1371 alterum
669 1319 826 1391 restorno,
848 1308 901 1372 cui
926 1323 1116 1374 assecurato·

155 1445 205 1487 res
221 1423 425 1506 renunciant,
443 1404 539 1487 itaut
556 1446 726 1511 numquam
744 1425 784 1489 ab
799 1425 838 1488 iis
851 1423 1017 1491 diminutio
1033 1449 1116 1491 sum·

155 1522 226 1605 mae
250 1544 285 1603 in
308 1540 434 1606 Polizza
459 1541 639 1607 nominatae
661 1541 730 1606 fieri
756 1541 870 1631 possit,
894 1542 1026 1609 vidimus
1053 1544 1119 1609 boe

155 1651 290 1724 evadere
314 1658 349 1722 in
377 1658 647 1722 renunciationem
673 1656 761 1722 omni
784 1657 928 1721 ulteriori
956 1658 1119 1725 commodi

138 1772 349 1863 probationi.
384 1773 475 1838 Nova
493 1772 628 1837 formula
643 1772 942 1838 Amstelodamensis
962 1774 1040 1839 illud
1056 1770 1119 1842 ma·

155 1892 202 1982 gis
231 1891 344 1979 apertis
367 1891 469 1955 verbis
494 1891 659 1973 enunciat,
683 1890 738 1953 ubi
761 1887 838 1954 dicit
863 1913 927 1955 non
955 1892 1021 1957 alia
1041 1917 1117 1980 pro-

153 2009 294 2093 batione,
310 2021 440 2099 praeter
458 2016 558 2096 iprsam
579 2008 757 2091 Polr‘z'zam,
780 2008 959 2098 opus‘fore.

195 2124 279 2190 Illud
304 2141 410 2190 autem
431 2140 557 2213 pactum
580 2124 614 2189 in
639 2125 726 2191 omni
749 2127 979 2192 assecuratione
1004 2126 1116 2194 admis-

150 2221 226 2310 sum*
241 2259 299 2311 est.
344 2243 453 2309 Nullas
480 2246 545 2330 ejus
569 2243 758 2308 substantiae
779 2258 884 2331 partes
909 2242 1017 2310 laedit.
1063 2246 1114 2311 De

96 2443 98 2447 Ι
152 2361 343 2451 ecquidem
372 2385 391 2426 a
421 2359 579 2425 nonnullis
612 2359 788 2425 dubitatum
819 2360 896 2444 fuit,
929 2385 1007 2450 quos
1038 2365 1115 2430 citat

149 2487 247 2546 abans
263 2486 280 2562 S
296 2477 371 2567 695.
384 2503 423 2567 p.
440 2477 515 2567 723.
530 2491 604 2542 nota
624 2500 673 2561 2.,
694 2475 750 2542 sed
773 2477 947 2543 acutissime
968 2480 1112 2565 observat
1167 2531 1169 2534 -

150 2622 205 2665 eos
229 2597 498 2663 renunciationem
511 2662 515 2673 ,
528 2593 689 2660 commodi
716 2595 898 2681 probationi
929 2618 1002 2662 cum
1029 2621 1111 2664 asse·

149 2718 311 2782 curatione
346 2716 413 2780 sine
449 2711 621 2779 commodo
647 2712 725 2776 inita
758 2711 944 2778 confudisse.
987 2715 1108 2781 Remis·

146 2835 235 2900 sione
255 2826 451 2923 probationis
470 2845 664 2895 assecurator
686 2826 886 2893 solummodo
911 2827 1051 2895 declarat
1072 2854 1106 2897 se

136 2963 269 3016 ‘tantam
287 2948 384 3015 fidem
403 2949 522 3013 habere
540 2947 587 3030 ei,
609 2944 696 3035 quod
714 2946 782 3035 ispe
803 2960 875 3010 ante
893 2945 1005 3010 initum
1030 2969 1107 3012 con·

146 3084 283 3134 tractum
312 3066 352 3131 de
380 3064 551 3131 commodo
575 3067 615 3130 sit
638 3064 851 3154 patefactum,
874 3077 910 3127 ut
938 3063 1016 3126 nihil
1040 3087 1105 3129 am·

144 3187 227 3277 plius
247 3183 420 3266 desideret,
445 3199 537 3269 atque
556 3183 603 3246 uti
624 3183 657 3244 in
673 3181 819 3246 universo
839 3179 914 3245 lure
935 3179 1017 3244 inter
1038 3203 1106 3247 rem

144 3305 245 3394 ipsam
265 3316 358 3386 atque
380 3303 445 3386 ejus
465 3298 686 3388 probationem
702 3292 953 3385 distinguendum
976 3311 1038 3380 est,
1062 3298 1106 3364 ita

146 3422 242 3488 etiam
257 3419 310 3483 bic
327 3417 550 3507 probationum
571 3412 794 3507 exigendarum
813 3412 968 3495 facultati,
988 3430 1024 3479 ut
1037 3415 1104 3481 luri

143 3561 202 3629 pro
218 3558 252 3602 se
266 3525 467 3617 introducto,
488 3548 683 3598 assecurator
697 3545 801 3621 potest
811 3529 1007 3597 renunciare.
1041 3531 1103 3598 Ne·

145 3679 206 3745 que
219 3655 303 3721 enim
320 3655 397 3718 haec
412 3651 608 3717 renunciatio
625 3647 810 3739 impediret,
830 3670 893 3735 quo
910 3648 1028 3731 minus,
1048 3650 1105 3714 ubi

142 3795 215 3839 rere
239 3769 444 3838 commodum
463 3792 528 3835 non
551 3766 700 3850 adfuerit,
723 3764 900 3832 contractus
927 3762 1102 3832 nullitatem

147 3913 274 3982 arguere
301 3887 496 3979 possit5'sed
522 3903 598 3953 tunc
626 3885 672 3952 illi
692 3884 751 3974 ipsi
779 3883 932 3951 incumbit
955 3883 1107 3972 probatio
