2520 4566
496 916 862 1088 suurn.v

243 1268 286 1316 D!
308 1264 427 1316 lurotu
447 1263 553 1325 ATQUE
571 1262 907 1313 nuttamttttotttttts
926 1265 1025 1316 HUIUS

494 1382 773 1434 asstcunstloruS.

522 1731 524 1735 Α
559 1687 714 1718 «009-

195 1931 364 2028 Incertum
384 1973 450 2043 est,
472 1957 599 2047 quaudo
621 1958 808 2023 assecuratio
821 1958 927 2024 salvae
942 1967 1116 2051 navigatio·

153 2088 203 2144 nis
215 2080 248 2144 in
264 2078 368 2169 patria
384 2093 491 2142 nostra
505 2076 612 2166 coepit
625 2076 750 2160 usitari,
763 2098 865 2164 neque
876 2079 974 2168 magis
986 2096 1115 2167 notum,

150 2199 277 2286 quinam
297 2218 411 2286 scopus
428 2197 458 2261 ei
474 2195 611 2285 primum
629 2194 783 2284 originem
800 2191 934 2261 dederit.
974 2196 1053 2263 Sunt
1066 2199 1115 2264 iu·

149 2331 198 2382 ter
222 2317 334 2381 harum
354 2337 460 2381 rerum
477 2313 614 2403 peritos,
640 2313 693 2400 qui
707 2326 819 2402 putent
834 2335 903 2378 eam
916 2314 1054 2403 primum
1065 2316 1114 2381 in-

149 2432 330 2499 troductam
351 2454 417 2497 esse
438 2432 473 2495 in
496 2430 776 2496 assecurationibus
797 2431 965 2514 mercium,
985 2435 1115 2522 quaein

148 2549 224 2615 loco
235 2548 452 2615 destinationis
465 2563 555 2614 erant
567 2547 747 2638 prohibitae
759 2545 996 2640 (contrahenda)
1008 2599 1017 2635 ‚
1030 2575 1114 2617 eam·

149 2691 209 2756 que
230 2667 304 2733 dein
325 2682 484 2733 extensam
501 2665 542 2731 ad
557 2664 798 2731 assecurandum
811 2664 874 2731 tale
887 2668 1112 2754 commodum,

146 2783 233 2874 quod
250 2784 420 2850 difficulter
441 2785 573 2874 exprimi
592 2799 738 2873 poterat,
757 2799 894 2850 attamen
909 2808 983 2851 rere
999 2788 1108 2853 existe-

119 2963 121 2972 .
144 2901 213 2968 bat.
261 2901 422 2991 Quidquid
442 2902 482 2967 sit
501 2901 542 2968 de
559 2902 614 2967 tali
634 2901 756 2992 origine
778 2917 904 2992 aparte
923 2904 1109 2987 assecurati,
1211 2892 1215 2901 ’

148 3040 278 3107 magna,
301 3041 394 3106 quam
406 3020 486 3086 haec
503 3019 690 3086 assecuratio
710 3019 852 3109 recepit,
869 3019 1008 3085 extensio
1024 3034 1112 3084 certe

147 3158 214 3201 nou
233 3135 335 3199 minus
356 3135 525 3202 tribuenda
544 3152 591 3201 est
611 3150 858 3200 assecuratorum
880 3134 1039 3218 consiliis,
1056 3135 1113 3200 ubi

148 3254 408 3343 qualemcumque
426 3253 469 3318 ob
486 3274 609 3318 causam
624 3251 764 3342 pericula
778 3229 952 3316 avariarum
965 3273 1032 3316 non
1047 3274 1112 3317 sus·

145 3370 308 3464 cipienda,
331 3393 392 3436 uec
414 3385 520 3435 tamen
538 3368 644 3435 damni
659 3368 781 3453 totalis,
798 3368 885 3458 quod
900 3367 1032 3452 dicitur,
1047 3368 1111 3434 dis·

145 3493 265 3558 crimen
295 3512 423 3581 prorsus
454 3489 514 3554 sibi
536 3486 750 3577 effugiendum
775 3484 950 3553 crederent.
1001 3487 1112 3576 Neque

144 3611 261 3694 nostri,
287 3631 390 3697 neque
414 3608 512 3673 exteri
533 3607 702 3695 scriptores
729 3603 850 3671 dehac
878 3606 1111 3674 assecuratione

143 3742 283 3818 egerunt.
329 3727 417 3791 Unus
438 3740 485 3791 est
503 3747 698 3809 annuemus,
718 3725 771 3814 qui
788 3722 867 3789 duos
880 3721 982 3790 adfert
999 3746 1108 3807 casus,

141 3845 197 3934 qui
225 3847 290 3932 ejus
312 3845 451 3935 speciem
477 3844 636 3912 exhibent.
693 3843 731 3910 In
754 3843 856 3912 altero
882 3858 1108 3912 assecuratores
