2520 4566
578 291 620 356 33

104 497 207 566 tiones
221 519 314 588 posse
331 496 521 588 degenerare
540 499 574 562 in
589 497 773 587 sponsiones
793 496 859 587 (r),
877 520 942 567 non
964 517 1068 570 tamen

102 615 247 680 universe
263 615 422 700 objectum
445 614 625 680 contractio
647 615 794 681 limitavit
816 615 944 683 adrem
966 620 1067 707 ipsam

105 730 273 819 quamdam
294 730 475 797 immediate
495 731 641 821 periculis
660 733 850 822 expositam,
869 732 925 800 sed
944 734 1069 802 admisit

101 848 195 913 etiam
217 848 436 932 commodum,
460 848 562 937 quod,
584 850 725 937 quamvis
749 851 895 934 existens,
918 874 985 916 non
1009 853 1069 918 nisi

99 965 255 1034 indirecte
268 967 418 1057 pericula
439 968 559 1034 subeat.

35 1158 38 1163 ¹
147 1084 214 1168 Ita,
236 1099 273 1148 ut
295 1085 473 1174 exemplum
498 1083 654 1168 adferam,
683 1088 757 1152 Art.
782 1085 858 1166 324.
889 1087 924 1153 C.
947 1087 996 1154 M.
1024 1087 1063 1153 G.

103 1202 257 1293 permittit
279 1203 542 1269 assecurationem
558 1202 653 1291 ipsius
665 1204 814 1294 praemii,
837 1202 923 1292 quod
942 1219 978 1268 ut
994 1227 1067 1293 pre·

102 1319 181 1386 tium
196 1320 379 1410 principalis
400 1318 559 1405 cujusdam
575 1320 810 1385 assecurationis
827 1336 989 1411 erogatum
1006 1336 1065 1387 est.

99 1437 252 1525 Attamen
278 1438 341 1502 hoo
364 1437 539 1526 praemium
563 1438 700 1502 solutum
725 1461 827 1527 neque
852 1439 955 1527 ipsum
981 1454 1067 1505 trans

98 1576 187 1620 mare
206 1554 346 1637 vehitur,
370 1577 472 1640 neque
494 1553 614 1618 directe
637 1568 684 1619 est
706 1557 771 1639 ejus
797 1556 943 1644 periculis
968 1579 1063 1646 expo·

98 1671 204 1736 situm.
259 1671 383 1736 Diserte
422 1686 529 1735 autem
559 1669 752 1734 Clarissimus
789 1692 959 1737 ranuxssus
994 1689 1068 1763 post

99 1787 278 1876 expositum
302 1789 342 1852 ab
368 1810 407 1851 eo
432 1784 623 1858 indirectum
643 1807 774 1868 nexum,
796 1786 850 1872 qui
875 1787 958 1853 inter
981 1810 1066 1855 eom·

100 1902 233 1970 modum
255 1901 342 1991 quod
366 1904 470 1994 pretio
498 1903 602 1968 soluto
626 1903 723 1984 inest,
744 1917 838 1990 atque
862 1902 957 1987 illud,
980 1905 1067 1992 quod

101 2042 142 2086 eo
164 2021 235 2109 ipso
258 2036 377 2086 tectum
400 2036 483 2104 erat,
507 2021 639 2110 praemii
661 2021 923 2086 assecurationem
938 2019 1063 2106 laudat,

99 2136 207 2204 dicens
228 2139 287 2206 N0.
314 2138 410 2227 763.:
457 2138 563 2203 »C'est
582 2137 790 2227 precisement
812 2160 850 2203 ce
874 2137 928 2226 qui
945 2138 1064 2225 justilie

99 2274 204 2324 »cette
234 2258 419 2346 operation,
454 2256 588 2345 laquelle
618 2256 723 2345 parcit
752 2277 792 2320 au
818 2255 956 2344 premier
979 2277 1063 2345 coup

101 2375 217 2443 »d’oeil
236 2375 374 2466 opposde
394 2381 414 2440 a
434 2375 582 2440 l'esseuce
602 2372 645 2439 du
662 2387 788 2438 contrat
802 2371 841 2437 de
862 2371 1064 2459 l'assuranoe,

101 2517 177 2560 »oar
199 2494 230 2561 la
252 2495 354 2583 prime
374 2492 464 2557 etant
485 2492 516 2556 le
540 2492 611 2581 prix
626 2488 677 2561 ,du
701 2489 783 2579 peril
805 2488 884 2556 dont
901 2489 1066 2558 l’assureur

99 2633 152 2677 »se
178 2610 310 2701 charge,
335 2624 368 2676 et
389 2608 508 2674 n'e'tant
532 2610 565 2673 ni
594 2607 784 2696 embarqude
808 2608 842 2671 ni
868 2609 1001 2697 exposce
1024 2633 1064 2674 au

99 2725 240 2817 »danger
259 2726 300 2792 de
324 2727 356 2792 la
381 2696 578 2816 naiigation,
601 2747 645 2788 on
667 2747 700 2789 se
722 2722 877 2791 demands
898 2727 1064 2793 naturelle·

100 2853 211 2911 ‚ment
230 2859 391 2910 comment
411 2843 471 2909 elle
492 2858 570 2932 peut
591 2842 652 2907 elle
672 2841 776 2907 meme
796 2841 863 2906 titre
882 2841 914 2907 la
932 2843 1063 2911 mutiero

98 2959 212 3027 »d’une
240 2983 415 3026 assurance.
461 2959 542 3024 Mais
568 2975 651 3024 cette
683 2959 784 3048 prime
807 2972 854 3023 est
881 2982 943 3025 une
970 2960 1062 3026 mise·

97 3078 235 3145 ‚dehors
257 3078 334 3142 faite
362 3100 444 3165 pour
470 3075 691 3166 l’expedition,
716 3075 791 3141 c'est
815 3098 873 3163 par
891 3074 989 3140 l'effet
1007 3075 1061 3142 des

17 3194 24 3205 '
96 3197 252 3261 ‚chances
269 3195 440 3269 maritimes
463 3193 575 3281 qu’elle
595 3216 664 3258 sera
686 3192 805 3282 perduc
820 3214 902 3281 pour
915 3191 1058 3276 l'assur63

99 3334 182 3377 »son
207 3310 336 3375 resultat
358 3327 404 3376 est
428 3310 468 3375 de
490 3309 613 3375 donner
633 3310 703 3400 plus
727 3308 767 3375 de
789 3310 858 3398 prix
877 3332 935 3374 aux
952 3310 1061 3375 choses

98 3428 276 3511 »assure'es5
301 3452 355 3494 car
381 3428 407 3493 si
432 3428 541 3493 Pierre
561 3428 680 3494 voulait
702 3425 820 3493 vendre
842 3428 873 3492 la
900 3428 1060 3518 cargaison

97 3546 264 3629 sassuree,
288 3547 311 3610 il
339 3569 379 3611 en
404 3542 597 3612 obtiendroit
620 3569 664 3609 un
684 3545 755 3633 prix
778 3545 847 3633 plus
869 3543 974 3628 eleve,
999 3569 1060 3632 que

118 3725 411 3736 m—u———a-

128 3829 172 3900 (1)
185 3831 326 3884 l’mmssos
344 3837 404 3884 tom.
421 3833 447 3884 3.
464 3849 492 3884 n.
508 3832 587 3885 765.:
612 3831 657 3884 »la
677 3831 773 3883 craiute
784 3831 831 3884 des
848 3830 929 3897 abus,
947 3832 1013 3886 celle
1030 3835 1062 3888 de

190 3915 267 3965 noir
283 3917 409 3968 convertit
424 3926 489 3969 cette
506 3917 658 3969 conventior
675 3932 709 3970 en
726 3926 853 3985 gageure,
871 3914 945 3968 eto.”

941 4016 958 4079 3
