2520 4566
597 252 637 311 ‘ld

144 454 193 519 De
210 477 251 519 eo
266 457 407 542 sequenti
426 455 529 542 capite
542 454 672 518 ulterius
692 452 864 519 ridendum
883 457 956 522 erit.
1000 454 1039 519 Id
1057 469 1108 521 ta·

143 595 216 638 men
235 588 267 637 et
277 570 336 637 -bio
355 594 422 637 non
442 570 651 636 omittendum
672 570 810 655 videtur,
832 595 930 660 quum
948 573 1040 659 hujus
1061 595 1107 637 as·

142 690 345 755 recurationis
365 690 527 776 objectum
550 712 616 755 non
634 690 702 779 ipsa
725 712 774 754 res
796 687 948 778 quaedam
971 689 1028 772 sit,
1051 689 1109 754 sed

142 808 225 874 salva
240 809 414 898 navigatio,
433 808 478 871 ita
495 821 611 872 utnon
630 807 729 896 possit
741 830 807 872 esse
821 829 924 873 sermo
947 805 988 872 de
1009 822 1121 895 parte,

142 925 189 991 rei
208 949 227 990 a
251 925 398 1014 procellis
419 941 557 1007 servata,
580 926 644 990 hoc
666 939 794 1014 pactum
819 924 983 1014 analogica
1004 925 1103 990 inter·

141 1045 319 1133 pretatione
339 1042 471 1132 intelligi
498 1040 614 1107 debere
636 1041 676 1108 de
702 1065 761 1125 eo,
786 1040 874 1130 quod
902 1040 1035 1106 forsitan
1061 1041 1110 1106 in·

141 1161 294 1250 quirendo
314 1162 348 1227 in
367 1184 475 1226 reram
496 1159 660 1225 commodi
681 1161 847 1225 assecurati
871 1175 990 1225 sortem
1009 1183 1109 1250 appa·

141 1303 212 1346 rere
227 1297 333 1370 posset
352 1303 418 1344 non
439 1302 566 1368 prorsus
589 1302 655 1344 esse
676 1280 833 1345 amissum.
879 1278 973 1343 Illum
991 1277 1021 1343 ei
1034 1300 1107 1343 sen·

141 1420 210 1462 snm
235 1397 330 1461 etiam
353 1398 531 1462 tribuerunt
555 1397 675 1462 Arbitri
701 1398 736 1462 in
766 1397 920 1463 sententia
943 1394 1105 1479 secunda,

141 1513 182 1580 de
195 1538 256 1603 qua
270 1513 353 1579 infra
365 1512 517 1580 dicemus.
563 1513 612 1579 Eo
624 1515 694 1602 ipso
705 1528 810 1579 autem
823 1511 961 1579 clausula
974 1535 1104 1578 omnem

141 1633 323 1697 ulteriorem
341 1605 578 1720 inquisitionem
591 1632 625 1696 in
644 1631 746 1720 ipsum
767 1628 991 1711 commodum,
1009 1645 1105 1718 atque

141 1748 221 1814 adeo
238 1753 304 1836 ejus
323 1749 545 1840 probationem
563 1745 719 1831 excludit,
741 1763 836 1836 atque
857 1749 902 1812 ita
924 1745 1005 1812 illud
1026 1770 1107 1813 con-

141 1867 260 1952 firmat,
287 1866 374 1956 quod
395 1870 462 1954 jam
484 1890 522 1932 ex
550 1866 686 1932 clausula
708 1863 749 1930 de
774 1879 915 1932 restorno
940 1866 1036 1931 etiam
1062 1865 1104 1930 ab

140 2000 351 2051 assecuratore
372 2007 438 2049 non
461 1982 614 2073 exigendo
636 1984 835 2049 observatum
856 1999 914 2049 est.
948 2018 949 2021 ¹

185 2103 295 2168 Restat
317 2116 353 2166 ut
381 2116 547 2183 notemus,
574 2123 691 2165 novam
715 2101 883 2166 formulam
906 2098 1105 2166 Amsteloda·

139 2242 280 2287 mensem
300 2221 376 2286 huic
400 2234 496 2308 pacto
519 2215 656 2304 adjicere
678 2220 914 2308 exceptionem,
937 2226 1024 2284 »nisi
1044 2243 1104 2284 aa·

138 2349 234 2402 »mro
254 2336 408 2402 commodi
429 2359 471 2401 ex
491 2343 648 2427 aequitate
664 2342 698 2401 in
719 2360 756 2401 eo
778 2351 1018 2426 temperamenta
1039 2345 1107 2403 ext·-

141 2454 250 2543 ngat!
293 2454 381 2519 Haec
413 2454 557 2543 exceptio
583 2468 648 2518 tam
676 2454 740 2520 late
763 2470 867 2543 patet,
898 2470 930 2520 et
957 2479 1054 2544 quum
1079 2480 1103 2520 a

134 2577 239 2659 priori·
254 2568 318 2635 dici
335 2593 400 2634 non
418 2570 533 2659 possit,
558 2569 634 2659 quid
655 2593 790 2658 aequum
809 2570 984 2655 videbitur,
1006 2573 1104 2639 talem

138 2688 173 2752 in
198 2709 232 2753 se
257 2688 352 2753 habet
375 2684 647 2772 incertitudinem,
670 2703 793 2753 utnon
819 2690 917 2754 ausim
944 2691 974 2755 ei
999 2687 1102 2757 deter-

139 2805 292 2870 minatum
312 2802 458 2869 addicere
485 2827 621 2870 sensum.
667 2801 802 2870 Videtur
827 2823 933 2872 autem
954 2805 1104 2872 illustrari

141 2944 232 3012 posse
262 2922 407 3011 exemplo
435 2922 608 2987 sententiae
638 2922 678 2987 ab
714 2923 850 2988 Arbitris
872 2924 976 3008 latae,
1009 2947 1106 3012 quam

139 3041 243 3128 primo
269 3039 344 3103 loco
373 3039 446 3104 huie
478 3061 566 3104 meac
592 3039 757 3129 scriptioni
783 3039 909 3107 addam.
955 3042 1003 3106 Eo
1028 3064 1104 3108 casu

139 3158 276 3222 Arbitris
297 3157 398 3221 visum
418 3156 494 3239 fuit,
516 3156 721 3222 commodum
741 3158 775 3222 in
797 3161 884 3245 cujus
905 3159 1038 3248 gratiam
1059 3183 1106 3225 as·

141 3274 296 3340 accuratio
316 3273 400 3338 tacta
421 3288 509 3357 erat,
532 3261 674 3339 residere*
691 3274 725 3338 in
744 3275 811 3364 ipsa
832 3277 925 3359 navi,
950 3299 1029 3364 quae
1043 3277 1104 3340 im·

141 3391 328 3480 probatione
347 3390 380 3454 in
404 3413 495 3454 cursu
512 3390 631 3455 itineris
650 3390 748 3475 facta,
769 3390 1001 3481 impediebatur
1015 3393 1105 3460 nari·

141 3507 300 3598 gationem
317 3507 433 3573 salvam
455 3505 646 3594 perducere;
670 3522 703 3572 et
724 3508 864 3591 Arbitri,
888 3509 996 3597 illique
1020 3510 1104 3576 Con·

122 3625 295 3692 sultissimi
315 3640 409 3719 atque
426 3625 543 3713 optimi
564 3623 653 3708 Viri,
676 3623 899 3692 deductionem
917 3629 1012 3717 pretii
1028 3652 1103 3695 ren·

138 3742 222 3809 ditae
235 3743 320 3808 naris
332 3743 367 3807 in
379 3742 521 3809 favorem
534 3745 690 3828 jusserunt
702 3744 978 3829 Assecuratorum,
992 3769 1102 3835 quam·

141 3863 186 3924 ris
209 3876 335 3948 pactum
364 3858 405 3924 de
428 3882 487 3942 eo,
512 3859 600 3946 quod
622 3852 781 3943 serretur,
806 3864 928 3929 nonin
955 3863 1096 3932 favorem
