2520 4566
644 258 686 325 30

180 466 266 530 illam
293 483 437 533 constare
463 467 712 548 obseruarimus,
737 483 809 532 sunt
843 468 901 532 hae
931 467 1016 556 ipsae
1049 467 1150 549 illae,

128 618 132 627 ·
180 608 259 673 quae
272 586 305 649 in
322 585 553 675 sponsionibus,
568 585 623 650 ubi
637 585 850 668 celebrantur,
867 584 970 649 solent
985 582 1140 649 adhiberi.

222 702 415 793 Sponsiones
446 704 531 768 enim
563 727 596 769 o.
635 726 758 794 semper
780 703 859 768 finnt
885 710 954 769 sine
983 716 1143 784 restomo,

179 819 267 889 vidd.
290 843 462 886 nassutti.
491 834 515 889 t.
537 844 569 887 a.
587 845 625 910 p.
652 821 744 905 640,
769 843 854 887 rtur
879 835 900 886 t.
927 845 966 887 2.·
977 845 1017 910 p.
1044 819 1141 907 569„

179 946 278 1004 rorans
300 953 323 1006 t.
350 963 381 1006 n.
397 963 437 1028 p.
461 940 538 1020 484.
562 947 632 1005 intr

223 1059 261 1123 In
283 1057 502 1148 sponsionibus
528 1057 559 1124 b.
587 1079 712 1146 semper
734 1056 774 1122 de
800 1071 871 1122 toto
896 1071 1055 1139 comatur,
1081 1079 1148 1121 non

182 1174 266 1240 salva
289 1175 488 1264 navigatione
513 1173 685 1258 solvendo,
710 1196 854 1240 sannone
881 1199 894 1240 1
923 1174 981 1240 Th.
1000 1199 1037 1264 p.
1066 1174 1144 1242 303.

183 1293 317 1358 Avariae
346 1315 413 1358 nou
445 1293 670 1375 resarciuntur,
700 1292 879 1358 immunitas
905 1294 946 1358 ab
977 1293 1014 1357 iis
1045 1295 1148 1383 expri-

181 1410 296 1491 mitur,
320 1431 491 1474 uansrsstn
514 1422 538 1476 t.
563 1432 595 1476 n.
612 1432 651 1497 p.
680 1432 775 1492 rnr.,
801 1431 887 1474 rann
909 1423 933 1476 t.
956 1433 985 1475 n.
1004 1435 1042 1501 p.
1068 1409 1145 1499 395.

177 1535 181 1539 ⁴
226 1527 263 1590 ln
284 1526 346 1591 illis
368 1551 397 1594 c.
424 1525 510 1592 nulla
533 1525 694 1592 commodi
714 1528 862 1616 probatio
883 1543 988 1616 potest
1010 1529 1145 1616 requiri,

182 1668 326 1711 sunone
343 1645 376 1712 d.
388 1647 430 1729 l.,
449 1669 534 1711 rann
547 1645 624 1712 ibid.
635 1670 673 1735 p.
687 1645 874 1734 396,397«,
891 1668 1061 1714 statuunt.
1074 1647 1107 1713 d.
1122 1647 1146 1712 l.

227 1764 381 1852 Denique·
403 1763 436 1830 d.
462 1767 497 1829 in
521 1764 744 1854 sponsionibus
771 1765 867 1830 etiam
897 1764 1082 1854 stipulatur,
1112 1763 1148 1830 id

182 1880 270 1969 quod
297 1897 438 1947 servemr
470 1904 536 1947 non
565 1883 772 1949 assecuratori
804 1884 1034 1967 obventurum,
1056 1880 1153 1949 ridd„

182 2022 345 2082 narseus,
368 2021 474 2082 rtur,
497 2021 667 2095 usnsmnn
693 1999 747 2065 dd.
773 1999 807 2066 ll.
833 1999 891 2089 (ι).

228 2116 309 2182 Tum
333 2117 460 2203 objecto
482 2117 596 2207 igitur,
620 2133 688 2181 tnm
713 2117 808 2183 etiam
831 2115 1153 2185 detenninationibus

182 2235 266 2317 suis,
294 2234 482 2301 assecuratio
509 2249 616 2298 nostre
637 2256 710 2300 cum
731 2236 901 2325 sponsione
922 2236 1082 2304 convenit.

227 2350 292 2417 sed.
308 2367 413 2417 tamen
432 2351 509 2416 nihil
528 2352 645 2418 certius
654 2368 719 2436 est,
733 2376 826 2441 quum
841 2354 966 2421 illarum
981 2355 1147 2420 essentiam

120 2473 122 2476 ⁴
184 2469 310 2559 penitus
329 2469 467 2534 invicem
487 2467 615 2535 differre
634 2493 674 2536 eo
694 2471 782 2560 ipso,
805 2470 891 2558 quod
915 2488 1023 2537 nostra
1042 2473 1155 2538 saluae·

184 2594 396 2676 nauigationes
427 2590 614 2653 assecuratio
641 2612 765 2679 semper
792 2589 848 2655 fiat
875 2591 909 2655 in
938 2591 1071 2680 gratiam
1098 2613 1153 2654 cn·

145 2712 149 2728 '¹
182 2703 308 2792 jusdam
326 2704 505 2789 commodi3
521 2707 648 2796 sponsio
664 2723 770 2778 autem
781 2707 837 2773 fiat
854 2709 971 2797 absque
988 2731 1045 2791 eo,
1064 2707 1152 2796 quod

186 2821 394 2889 commodum
415 2823 573 2911 quoddam
594 2826 641 2891 illi
658 2819 783 2891 causam
804 2825 872 2910 det,
895 2826 944 2891 vel
965 2824 1072 2892 adesse
1095 2825 1153 2892 de-

188 2941 275 3007 beat.
306 2940 470 3022 ¹Quamvis
490 2944 575 3008 enim
597 2959 673 3033 post
691 2959 886 3009 contractam
909 2945 1043 3033 patriam
1063 2944 1165 3015 illam⁴

188 3061 452 3126 assecurationem
476 3062 623 3150 probatio
651 3084 718 3126 non
740 3077 846 3152 posset
868 3061 997 3126 ulterius
1017 3061 1152 3150 requiri,

100 3244 103 3249 .
189 3178 454 3245 assecuraron'bus
485 3180 600 3245 nostris
625 3195 698 3246 ente
725 3179 823 3246 fidem
852 3177 958 3245 datam
993 3180 1086 3268 copia
1118 3178 1156 3244 fit

199 3537 202 3542 .
220 3490 265 3561 (t)
281 3488 438 3542 limem
451 3484 529 3539 verbe
545 3483 690 3536 mffiemrr
722 3481 806 3535 »tna
822 3481 902 3536 when
920 3483 1159 3540 inconstanter

283 3589 367 3641 »pays
383 3589 398 3622 s
419 3569 487 3635 loss,
504 3569 549 3623 he*
559 3575 670 3631 eunus,
686 3583 722 3618 es
736 3567 766 3618 in
786 3565 831 3619 the
842 3583 920 3620 'osso
931 3568 1007 3620 otas
1021 3571 1158 3623 inarranoe

283 3673 376 3727 »upon
398 3656 521 3719 interest,
544 3651 622 3704 olairn
643 3667 693 3720 unp
715 3648 814 3702 bensiit
828 3649 1000 3708 ‚frmi-vhe:
1014 3664 1073 3722 may
1091 3652 1159 3708 hus

282 3739 374 3791 »been
394 3737 487 3802 sared,
506 3735 576 3800 and,
603 3745 629 3787 to
648 3733 793 3804 proteletis:
807 3732 844 3785 ull
863 3733 940 3785 elsim
963 3735 1066 3788 cithu
1087 3750 1156 3804 sort,

283 3822 351 3875 »tho
363 3821 447 3874 words
456 3821 555 3890 furfos
565 3835 693 3885 avam,
706 3817 758 3870 and
771 3818 883 3870 without
888 3819 980 3888 &comt
991 3822 1028 3888 of
1034 3821 1156 3889 seiunge,

283 3921 349 3956 »are
365 3902 459 3970 eineys
475 3900 625 3954 introduced
642 3903 697 3953 into
714 3899 942 3969 vegerpolioiesfl
1039 3945 1042 3951 .
1061 3939 1063 3943 .
